@Proceedings{mdeintel2019-pc,
  title = 	 {1st Workshop on Artificial Intelligence and Model-driven Engineering at MODELS 2019},
  year = 	 {2019},
  address = 	 {Munich, Germany},
  month = 	 {September},
  organization = {{MDE} Intelligence 2019},
  annote = 	 {PC}
}

@Proceedings{mpm4cps2019-pc,
  title = 	 {1st International Workshop on Multi-Paradigm Modelling for Cyber-Physical Systems at MODELS 2019},
  year = 	 {2019},
  address = 	 {Munich, Germany},
  month = 	 {September},
  organization = {MPM4CPS},
  annote = 	 {PC}
}

@Proceedings{models2019-pc,
  title = 	 {{ACM/IEEE} International Conference on Model Driven Engineering Languages and Systems},
  year = 	 {2019},
  address = 	 {Munich, Germany},
  month = 	 {September},
  organization = {MODELS 2019},
  annote = 	 {PC}
}

@Proceedings{sefm2019-pc,
  title = 	 {17th International Conference on Software Engineering and Formal Methods},
  year = 	 {2019},
  address = 	 {Oslo, Norway},
  month = 	 {September},
  organization = {SEFM 2019},
  annote = 	 {PC}
}


@Proceedings{ecmfa2019-pc,
  title = 	 {15th European Conference on Modelling Foundations and Applications},
  year = 	 {2019},
  address = 	 {Eindhoven, Netherlands},
  month = 	 {July},
  organization = {ECMFA 2019},
  annote = 	 {PC}
}

@Proceedings{icse2019-pc,
  title = 	 {International Conference on Software Engineering},
  year = 	 {2019},
  address = 	 {Montreal, Canada},
  month = 	 {May},
  organization = {ICSE 2019},
  annote = 	 {PC}
}

@Proceedings{mise2019-chair,
  title = 	 {11th Workshop on Modelling in Software Engineering at ICSE 2019 (International Conference on Software Engineering)},
  year = 	 {2019},
  address = 	 {Montreal, Canada},
  month = 	 {May},
  organization = {MiSE 2019},
  annote = 	 {Program co-chair}
}


@Proceedings{icse2019post-chair,
  title = 	 {International Conference on Software Engineering: Posters Track co-chair},
  year = 	 {2019},
  address = 	 {Montreal, Canada},
  month = 	 {May},
  organization = {ICSE 2019},
  annote = 	 {Posters co-chair}
}

@Proceedings{icse2018-pc,
  title = 	 {International Conference on Software Engineering},
  year = 	 {2018},
  address = 	 {Gothenburg, Sweden},
  month = 	 {May},
  organization = {ICSE 2018},
  annote = 	 {PC}
}

@Proceedings{models2018-pc,
  title = 	 {{ACM/IEEE} International Conference on Model Driven Engineering Languages and Systems},
  year = 	 {2018},
  address = 	 {Copenhagen, Denmark},
  month = 	 {October},
  organization = {MODELS 2018},
  annote = 	 {PC}
}

@Proceedings{fase2018-pc,
  title = 	 {Fundamental Approaches to Software Engineering},
  year = 	 {2018},
  address = 	 {Thessaloniki, Greece},
  month = 	 {April},
  organization = {FASE 2018},
  annote = 	 {PC}
}

@Proceedings{facs2018-pc,
  title = 	 {15th International Conference on Formal Aspects of Component Software},
  year = 	 {2018},
  address = 	 {Pohang, Korea},
  month = 	 {October},
  organization = {FACS 2018},
  annote = 	 {PC}
}

@Proceedings{securemde2018-pc,
  title = 	 {Workshop on Security for and by Model-Driven Engineering},
  year = 	 {2018},
  address = 	 {Toulouse, France},
  month = 	 {June},
  organization = {SecureMDE 2018},
  annote = 	 {PC}
}

@Proceedings{icmt2018-pc,
  title = 	 {International Conference on Model Transformation},
  year = 	 {2018},
  address = 	 {Toulouse, France},
  month = 	 {June},
  organization = {ICMT 2018},
  annote = 	 {PC}
}

@Proceedings{ecmfa2018-pc,
  title = 	 {14th European Conference on Modelling Foundations and Applications},
  year = 	 {2018},
  address = 	 {Toulouse, France},
  month = 	 {June},
  organization = {ECMFA 2018},
  annote = 	 {PC}
}

@Proceedings{models2017-pc,
  title = 	 {{ACM/IEEE} International Conference on Model Driven Engineering Languages and Systems},
  year = 	 {2017},
  address = 	 {Austin, TX, US},
  month = 	 {September},
  organization = {MODELS 2017 (Program Board)},
  annote = 	 {PC}
}

@Proceedings{fase2017-pc,
  title = 	 {Fundamental Approaches to Software Engineering},
  year = 	 {2017},
  address = 	 {Uppsala, Sweden},
  month = 	 {April},
  organization = {FASE 2017},
  annote = 	 {PC}
}

@Proceedings{icmt2017-pc,
  title = 	 {International Conference on Model Transformation},
  year = 	 {2017},
  address = 	 {Marburg, Germany},
  month = 	 {July},
  organization = {ICMT 2017},
  annote = 	 {PC}
}

@Proceedings{ase2017tools-pc,
  title = 	 {IEEE/ACM International Conference on Automated Software Engineering (Tools Track)},
  year = 	 {2017},
  address = 	 {Urbana-Champaign, Illinois, USA},
  month = 	 {October 30 - November 3},
  organization = {ASE 2015},
  annote = 	 {PC}
}

@Proceedings{mise2017-pc,
  title = 	 {Models in Software Engineering (MISE 2017) Workshop},
  year = 	 {2017},
  address = 	 {Buenos Aires, Argentina},
  month = 	 {May},
  organization = {MISE 2017},
  annote = 	 {PC}
}

@Proceedings{fmhe2017-pc,
  title = 	 {Festschrift in Memory of Hartmut Ehrig},
  year = 	 {2017},
  organization = {FMHE 2017},
  annote = 	 {PC}
}



@proceedings{staf16ws-chair,
  OPTeditor    = {Paolo Milazzo and
               D{\'{a}}niel Varr{\'{o}} and
               Manuel Wimmer},
  title     = {Workshops Co-Chair at Software Technologies: Applications and Foundations - {STAF} 2016
               Collocated Workshops},
  OPTseries    = {Lecture Notes in Computer Science},
  OPTvolume    = {9946},
  OPTpublisher = {Springer},
  year      = {2016},
}

@Proceedings{sle2016-chair,
  title = 	 {{ACM} {SIGPLAN} 9th International Conference on Software Language Engineering},
  OPTeditor    = {Tijs van der Storm and
               Emilie Balland and
               D{\'{a}}niel Varr{\'{o}}},
  year = 	 {2016},
  address = 	 {Amsterdam, Netherlands},
  month = 	 {October},
  organization = {SLE 2016},
  annote = 	 {Chair}
}

@Proceedings{icmt2016-pc,
  title = 	 {International Conference on Model Transformation},
  year = 	 {2016},
  address = 	 {Vienna, Austria},
  month = 	 {July},
  organization = {ICMT 2016},
  annote = 	 {PC}
}


@Proceedings{ecmfa2016-pc,
  title = 	 {12th European Conference on Modelling Foundations and Applications},
  year = 	 {2016},
  address = 	 {Vienna, Austria},
  month = 	 {July},
  organization = {ECMFA 2016},
  annote = 	 {PC}
}


@Proceedings{models2016-pc,
  title = 	 {ACM/IEEE International Conference on Model Driven Engineering Languages and Systems},
  year = 	 {2016},
  address = 	 {Saint-Malo, France},
  month = 	 {October},
  organization = {MODELS 2016 (Program Board)},
  annote = 	 {PC}
}

@Proceedings{models2016ds-pc,
  title = 	 {Doctoral Symposium at MODELS 2016 },
  year = 	 {2016},
  address = 	 {Saint-Malo, France},
  month = 	 {October},
  organization = {MODELS-DS 2016},
  annote = 	 {PC}
}

@Proceedings{ase2016-pc,
  title = 	 {IEEE/ACM International Conference on Automated Software Engineering},
  year = 	 {2016},
  address = 	 {Singapore, Singapore},
  month = 	 {September},
  organization = {ASE 2016 (Expert Panel)},
  annote = 	 {Expert Panel}
}


@Proceedings{fmmdd2016-pc,
  title = 	 {Formal and MDD Techniques for Trustworthy Systems Workshop},
  year = 	 {2016},
  address = 	 {Tokyo, Japan},
  month = 	 {November},
  organization = {FMMDD 2016},
  annote = 	 {PC}
}


@proceedings{staf2015ds-chair,
  OPTeditor    = {Martin Gogolla and
               Henry Muccini and
               D{\'{a}}niel Varr{\'{o}}},
  title     = {Doctoral Symposium Co-Chair at Software Technologies: Applications
               and Foundations 2015 Conference {(STAF} 2015), L'Aquila, Italy, July
               20, 2015},
  organization = {STAF 2015},
  year      = {2015},
  annote = 	 {Doctoral Symposium co-chair}
}

@Proceedings{models2015-pc,
  title = 	 {ACM/IEEE International Conference on Model Driven Engineering Languages and Systems},
  year = 	 {2015},
  address = 	 {Ottawa, Canada},
  month = 	 {October},
  organization = {MODELS 2015},
  annote = 	 {PC}
}

@Proceedings{sle2015-pc,
  title = 	 {8th International Conference on Software Language Engineering},
  year = 	 {2015},
  address = 	 {Pittsburgh, USA},
  month = 	 {October},
  organization = {SLE 2015},
  annote = 	 {PC}
}

@Proceedings{ase2015-pc,
  title = 	 {IEEE/ACM International Conference on Automated Software Engineering},
  year = 	 {2015},
  address = 	 {Lincoln, Nebraska, USA},
  month = 	 {November 9-13},
  organization = {ASE 2015},
  note = {Expert Panel},
  annote = 	 {PC}
}

@Proceedings{gam2015-pc,
  title = 	 {Graphs as Models Workshop},
  year = 	 {2015},
  address = 	 {London, UK},
  month = 	 {April 11-12},
  organization = {GAM 2015},
  annote = 	 {PC}
}

@Proceedings{fase2015-pc,
  title = 	 {Fundamental Approaches to Software Engineering},
  year = 	 {2015},
  address = 	 {London, UK},
  month = 	 {April},
  organization = {FASE 2015},
  annote = 	 {PC}
}

@Proceedings{fase2014-pc,
  title = 	 {Fundamental Approaches to Software Engineering},
  year = 	 {2014},
  address = 	 {Grenoble, France},
  month = 	 {April},
  organization = {FASE 2014},
  annote = 	 {PC}
}

@Proceedings{ase2014-pc,
  title = 	 {IEEE/ACM International Conference on Automated Software Engineering},
  year = 	 {2014},
  address = 	 {Vasteras, Sweden},
  month = 	 {September 15-19},
  organization = {ASE 2014},
  annote = 	 {PC}
}

@Proceedings{icgt2014-pc,
  title = 	 {International Conference on Graph Transformation},
  year = 	 {2014},
  address = 	 {York, UK},
  month = 	 {July 21-25},
  organization = {ICGT 2014},
  annote = 	 {PC}
}

@Proceedings{vlhcc2014-pc,
  title = 	 {IEEE Symposium on Visual Languages and Human-Centric Computing},
  year = 	 {2014},
  address = 	 {Melbourne, Australia},
  month = 	 {July 28 - August 1},
  organization = {VL/HCC 2014},
  annote = 	 {PC}
}

@Proceedings{models2014-pc,
  title = 	 {ACM/IEEE International Conference on Model Driven Engineering Languages and Systems},
  year = 	 {2014},
  address = 	 {Valencia, Spain},
  month = 	 {October},
  organization = {MODELS 2014},
  annote = 	 {PC}
}

@Proceedings{icmt2014-chair,
  title = 	 {International Conference on Model Transformations},
  year = 	 {2014},
  address = 	 {York, UK},
  month = 	 {July},
  organization = {ICMT 2014},
  annote = 	 {Chair}
}

@Proceedings{vlhcc2013-pc,
  title = 	 {IEEE Symposium on Visual Languages and Human-Centric Computing},
  year = 	 {2013},
  address = 	 {San Jose, CA, USA},
  month = 	 {September 15-19},
  organization = {VL/HCC 2013},
  annote = 	 {PC}
}

@Proceedings{staf2013-chair,
  title = 	 {Software Technologies: Applications and Foundations},
  year = 	 {2013},
  address = 	 {Budapest, Hungary},
  month = 	 {June 19-22},
  organization = {STAF 2013},
  note = {General Chair},
  annote = 	 {LO}
}

@Proceedings{ecmfa2013-pc,
  title = 	 {9th European Conference on Modelling Foundations and Applications},
  year = 	 {2013},
  address = 	 {Montpellier, France},
  month = 	 {July 1-5},
  organization = {ECMFA 2013},
  annote = 	 {PC}
}

@Proceedings{models2013-pc,
  title = 	 {ACM/IEEE International Conference on Model Driven Engineering Languages and Systems},
  year = 	 {2013},
  address = 	 {Miami, Florida, US},
  month = 	 {September 29 - October 4},
  organization = {MODELS 2013},
  annote = 	 {PC}
}

@Proceedings{fase2013-chair,
  title = 	 {Fundamental Approaches to Software Engineering},
  year = 	 {2013},
  address = 	 {Rome, Italy},
  month = 	 {March 16-24},
  organization = {FASE 2013},
  annote = 	 {Chair}
}

@Proceedings{amt2012-chair,
  title = 	 {International Workshop on Analysis of Model Transformations},
  year = 	 {2012},
  address = 	 {Innsbruck, Austria},
  month = 	 {March 16-24},
  organization = {AMT 2012},
  annote = 	 {Chair}
}

@Proceedings{gtvmt2012-pc,
  title = 	 {11th International Workshop on Graph Transformation and Visual Modelling Techniques},
  year = 	 {2012},
  address = 	 {Tallinn, Estonia},
  month = 	 {March 24-25},
  organization = {GT-VMT 2011},
  annote = 	 {PC}
}

@Proceedings{icgt2012-pc,
  title = 	 {International Conference on Graph Transformation},
  year = 	 {2012},
  address = 	 {Bremen, Germany},
  month = 	 {September 24-29},
  organization = {ICGT 2012},
  annote = 	 {PC}
}

@Proceedings{icgt2012ds-pc,
  title = 	 {Doctoral Symposium at International Conference on Graph Transformation},
  year = 	 {2012},
  address = 	 {Bremen, Germany},
  month = 	 {September 24-29},
  organization = {ICGT-DS 2012},
  annote = 	 {PC}
}


@Proceedings{models2012-pc,
  title = 	 {ACM/IEEE International Conference on Model Driven
Engineering Languages and Systems},
  year = 	 {2012},
  address = 	 {Innsbruck, Austria},
  month = 	 {September 30 - October 5},
  organization = {MODELS 2012},
  annote = 	 {PC}
}

@Proceedings{ecmfa2012-pc,
  title = 	 {8th European Conference on Modelling Foundations and Applications},
  year = 	 {2012},
  address = 	 {Lyngby, Denmark},
  month = 	 {July 2-5},
  organization = {ECMFA 2012},
  annote = 	 {PC}
}


@Proceedings{icmt2012-pc,
  title = 	 {International Conference on Model Transformation},
  year = 	 {2012},
  address = 	 {Prague, Czech Republic},
  month = 	 {May 28-29},
  organization = {ICMT 2012},
  annote = 	 {PC}
}

@Proceedings{ase2012-pc,
  title = 	 {IEEE/ACM International Conference on Automated Software Engineering},
  year = 	 {2012},
  address = 	 {Essen, Germany},
  month = 	 {September 3-7},
  organization = {ASE 2012},
  annote = 	 {PC}
}

@Proceedings{ase2012tools-pc,
  title = 	 {Tools Track at IEEE/ACM International Conference on Automated Software Engineering},
  year = 	 {2012},
  address = 	 {Essen, Germany},
  month = 	 {September 3-7},
  organization = {ASE-Tools 2011},
  annote = 	 {PC}
}

@Proceedings{icse2012tools-pc,
  title = 	 {Tools Track at IEEE/ACM International Conference on Software Engineering},
  year = 	 {2012},
  address = 	 {Zurich, Switzerland},
  month = 	 {June 2-9},
  organization = {ICSE-Tools 2012},
  annote = 	 {PC}
}
@Proceedings{vlhcc2012-pc,
  title = 	 {IEEE Symposium on Visual Languages and Human-Centric Computing},
  year = 	 {2012},
  address = 	 {Innsbruck, Austria},
  month = 	 {September 30 - October 4},
  organization = {VL/HCC 2012},
  annote = 	 {PC}
}

@Proceedings{models2012-chair,
  title = 	 {ACM/IEEE International Conference on Model Driven
Engineering Languages and Systems},
  year = 	 {2012},
  address = 	 {Innsbruck, Austria},
  month = 	 {October },
  organization = {MODELS 2012},
  note = {Demo and Exhibition Chair},
  annote = 	 {Chair}
}


@Proceedings{csmr2012-pc,
  title = 	 {IEEE Conference on Software Maintenance and Reengineering},
  year = 	 {2012},
  address = 	 {Szeged, Hungary},
  month = 	 {April},
  organization = {CSMR 2012},
  annote = 	 {PC}
}

@Proceedings{fase2012-pc,
  title = 	 {Fundamental Approaches to Software Engineering},
  year = 	 {2012},
  address = 	 {Tallinn, Estonia},
  month = 	 {March},
  organization = {FASE 2012},
  annote = 	 {PC}
}

@Proceedings{agtive2011-chair,
  title = 	 {Fourth International Symposium on Applications of Graph Transformations with Industrial Relevance},
  year = 	 {2011},
  address = 	 {Budapest, Hungary},   
  month = 	 {October 3-7},
  organization = {AGTIVE 2011},
  annote = 	 {Chair},
}

@Proceedings{ase2011tools-pc,
  title = 	 {Tools Track at IEEE/ACM International Conference on Automated Software Engineering},
  year = 	 {2011},
  address = 	 {Lawrence, Kansas, USA},
  month = 	 {November 6-10},
  organization = {ASE-Tools 2011},
  annote = 	 {PC}
}

@Proceedings{ase2011-pc,
  title = 	 {IEEE/ACM International Conference on Automated Software Engineering},
  year = 	 {2011},
  address = 	 {Lawrence, Kansas, USA},
  month = 	 {November 6-10},
  organization = {ASE 2011},
  annote = 	 {PC}
}

@Proceedings{melo2011-pc,
  title = 	 {1st International Workshop on Model-Driven Engineering, Logic and Optimization},
  year = 	 {2011},
  address = 	 {Birmingham, UK},
  month = 	 {June 6th},
  organization = {MELO 2011},
  annote = 	 {PC}
}

@Proceedings{mbsdi2011-pc,
  title = 	 {The 3rd International Workshop on Model-Based Software and Data Integration},
  year = 	 {2011},
  address = 	 {Birmingham, UK},
  month = 	 {June 6th},
  organization = {MBSDI 2011},
  annote = 	 {PC}
}


@Proceedings{models2011-pc,
  title = 	 {ACM/IEEE International Conference on Model Driven
Engineering Languages and Systems},
  year = 	 {2011},
  address = 	 {Wellington, New Zealand},
  month = 	 {October 16-21},
  organization = {MODELS 2011},
  annote = 	 {PC}
}

@Proceedings{fase2011-pc,
  title = 	 {Fundamental Approaches to Software Engineering},
  year = 	 {2011},
  address = 	 {Saarbr\"ucken, Germany},
  month = 	 {March 28 - April 2},
  organization = {FASE 2011},
  annote = 	 {PC}
}

@Proceedings{icmt2011-pc,
  title = 	 {International Conference on Model Transformation},
  year = 	 {2011},
  address = 	 {Zurich, Switzerland},
  month = 	 {June 28-30},
  organization = {ICMT 2011},
  annote = 	 {PC}
}

@Proceedings{vlhcc2011-pc,
  title = 	 {IEEE Symposium on Visual Languages and Human-Centric Computing},
  year = 	 {2011},
  address = 	 {Pittsburgh, PA, USA},
  month = 	 {September 18-22},
  organization = {VL/HCC 2011},
  annote = 	 {PC}
}

@Proceedings{ecmfa2011-pc,
  title = 	 {7th European Conference on Modelling Foundations and Applications},
  year = 	 {2011},
  address = 	 {Birmingham, UK},
  month = 	 {June 6-9},
  organization = {ECMFA 2011},
  annote = 	 {PC}
}

@Proceedings{ewdc2011-pc,
  title = 	 {13th European Workshop on Dependable Computing},
  year = 	 {2011},
  address = 	 {Pisa, Italy},
  month = 	 {May 11-12},
  organization = {EWDC 2011},
  annote = 	 {PC}
}

@Proceedings{ictac2011-pc,
  title = 	 {8th International Colloquium on Theoretical Aspects of Computing},
  year = 	 {2011},
  address = 	 {Johannesburg, South Africa},
  month = 	 {August 31 - September 2},
  organization = {ICTAC 2011},
  annote = 	 {PC}
}

@Proceedings{sofsem2011-pc,
  title = 	 {37th International Conference on Current Trends in Theory and Practice of Computer Science},
  year = 	 {2011},
  address = 	 {Novy Smokovec, Slovakia},
  month = 	 {January 22-28},
  organization = {SOFSEM 2011},
  annote = 	 {PC}
}

@Proceedings{gtvmt2011-pc,
  title = 	 {10th International Workshop on Graph Transformation and Visual Modelling Techniques},
  year = 	 {2011},
  address = 	 {Saarbr\"ucken, Germany},
  month = 	 {April 2-3},
  organization = {GT-VMT 2011},
  annote = 	 {PC}
}

@Proceedings{models2010-pc,
  title = 	 {ACM/IEEE International Conference on Model Driven
Engineering Languages and Systems},
  year = 	 {2010},
  address = 	 {Oslo, Norway},
  month = 	 {October 3-8},
  organization = {MODELS 2010},
  annote = 	 {PC}
}

@Proceedings{models2010edu-pc,
  title = 	 {Educators Symposium at ACM/IEEE International Conference on Model Driven
Engineering Languages and Systems},
  year = 	 {2010},
  address = 	 {Oslo, Norway},
  month = 	 {October 5},
  organization = {MODELS-Edu 2010},
  annote = 	 {PC}
}

@Proceedings{fase2010-pc,
  title = 	 {Fundamental Approaches to Software Engineering},
  year = 	 {2011},
  address = 	 {Paphos, Cyprus},
  month = 	 {March 22 - 26},
  organization = {FASE 2010},
  annote = 	 {PC}
}

@Proceedings{icgt2010-pc,
  title = 	 {International Conference on Graph Transformation},
  year = 	 {2010},
  address = 	 {Enschede, Netherlands},
  month = 	 {September 27 - October 2},
  organization = {ICGT 2010},
  annote = 	 {PC}
}

@Proceedings{ase2010-pc,
  title = 	 {IEEE/ACM International Conference on Automated Software Engineering},
  year = 	 {2010},
  address = 	 {Antwerp, Belgium},
  month = 	 {September 20-24},
  organization = {ASE 2010},
  annote = 	 {PC}
}

@Proceedings{icmt2010-pc,
  title = 	 {International Conference on Model Transformation},
  year = 	 {2010},
  address = 	 {Malaga, Spain},
  month = 	 {June 28-29},
  organization = {ICMT 2010},
  annote = 	 {PC}
}

@Proceedings{ictac2010-pc,
  title = 	 {7th International Colloquium on Theoretical Aspects of Computing},
  year = 	 {2010},
  address = 	 {Natal, Brazil},
  month = 	 {September 1-3},
  organization = {ICTAC 2010},
  annote = 	 {PC}
}

@Proceedings{gtvmt2010-pc,
  title = 	 {9th International Workshop on Graph Transformation and Visual Modelling Techniques},
  year = 	 {2010},
  address = 	 {Paphos, Cyprus},
  month = 	 {March 20-21},
  organization = {GT-VMT 2010},
  annote = 	 {PC}
}

@Proceedings{grabats2010-chair,
  title = 	 {International Workshop on Graph Based Tools},
  year = 	 {2010},
  address = 	 {Enschede, Netherlands},
  month = 	 {September 28},
  organization = {GRABATS 2010},
  annote = 	 {Chair}
}


@Proceedings{fase2009-pc,
  title = 	 {Fundamental Approaches to Software Engineering},
  year = 	 {2011},
  address = 	 {York, UK},
  month = 	 {March 22 - 29},
  organization = {FASE 2009},
  annote = 	 {PC}
}

@Proceedings{sensus2009-lo,
  title = 	 {{SENSUS} Summer School},
  year = 	 {2009},
  address = 	 {Keszthely, Hungary},
  month = 	 {June 29 - July 3},
  organization = {SENSUS 2009},
  annote = 	 {LO}
}

@Proceedings{models2009-pc,
  title = 	 {ACM/IEEE International Conference on Model Driven
Engineering Languages and Systems},
  year = 	 {2009},
  address =  {Denver, Colorado, US},
  month = 	 {October 4-9},
  organization = {MODELS 2009},
  annote = 	 {PC}
}

@Proceedings{dsn2009-pc,
  title = 	 {The 39th Annual IEEE/IFIP International Conference on Dependable Systems and Networks},
  year = 	 {2009},
  address = 	 {Estoril, Portugal},
  month = 	 {June 29 - July 2},
  organization = {DSN 2009},
  annote = 	 {PC}
}

@Proceedings{ase2009-pc,
  title = 	 {IEEE/ACM International Conference on Automated Software Engineering},
  year = 	 {2009},
  address = 	 {Auckland, New Zealand},
  month = 	 {November 16-20},
  organization = {ASE 2009},
  annote = 	 {PC}
}

@Proceedings{fm2009-pc,
  title = 	 {16th International Symposium on Formal Methods},
  year = 	 {2009},
  address = 	 {Eindhoven, Netherlands},
  month = 	 {November 2-6},
  organization = {FM 2009},
  annote = 	 {PC}
}
@Proceedings{icmt2009-pc,
  title = 	 {International Conference on Model Transformation},
  year = 	 {2009},
  address = 	 {Zurich, Switzerland},
  month = 	 {June 29 - July 3},
  organization = {ICMT 2009},
  annote = 	 {PC}
}

@Proceedings{gtvmt2009-pc,
  title = 	 {8th International Workshop on Graph Transformation and Visual Modelling Techniques},
  year = 	 {2009},
  address = 	 {York, UK},
  month = 	 {March 28-29},
  organization = {GT-VMT 2009},
  annote = 	 {PC}
}

@Proceedings{models2008-pc,
  title = 	 {ACM/IEEE International Conference on Model Driven
Engineering Languages and Systems},
  year = 	 {2008},
  address =  {Toulouse, France},
  month = 	 {September 28 - October 3},
  organization = {MODELS 2008},
  annote = 	 {PC}
}


@Proceedings{icmt2008-pc,
  title = 	 {International Conference on Model Transformation},
  year = 	 {2008},
  address = 	 {Zurich, Switzerland},
  month = 	 {July 1-2},
  organization = {ICMT 2008},
  annote = 	 {PC}
}


@Proceedings{icgt2008-pc,
  title = 	 {International Conference on Graph Transformation},
  year = 	 {2008},
  address = 	 {Leicester, UK},
  month = 	 {September 7-13},
  organization = {ICGT 2008},
  annote = 	 {PC}
}

@Proceedings{gtvmt2008-pc,
  title = 	 {7th International Workshop on Graph Transformation and Visual Modelling Techniques},
  year = 	 {2008},
  address = 	 {Budapest, Hungary},
  month = 	 {March 29-30},
  organization = {GT-VMT 2008},
  annote = 	 {PC}
}

@Proceedings{aramis2008-pc,
  title = 	 {1st Workshop on Automated engineeRing of Autonomic and run-tiMe evolvIng Systems},
  year = 	 {2008},
  address = 	 {L'Aquila, Italy},
  month = 	 {September 16},
  organization = {ARAMIS 2008},
  annote = 	 {PC}
}

@Proceedings{etaps2008-lo,
  title = 	 {The European Joint Conferences on Theory and Practice of Software},
  year = 	 {2008},
  address = 	 {Budapest, Hungary},
  month = 	 {March 29 - April 6},
  organization = {ETAPS 2008},
  note = {Local Organization Chair, 670 participants},
  annote = 	 {LO}
}

@Proceedings{icmt2014-sc,
  title = 	 {International Conference on Model Transformations},
  year = 	 {2014-},
  organization = {ICMT},
  annote = 	 {SC}
}

@Proceedings{etaps2013-sc,
  title = 	 {The European Joint Conferences on Theory and Practice of Software},
  year = 	 {2011-2014},
  organization = {ETAPS},
  annote = 	 {SC}
}

@Proceedings{etaps2008-sc,
  title = 	 {The European Joint Conferences on Theory and Practice of Software},
  year = 	 {2006-2009},
  organization = {ETAPS},
  annote = 	 {SC}
}

@Proceedings{pngt2008-pc,
  title = 	 {3rd Workshop on Petri Nets and Graph Transformations},
  year = 	 {2008},
  address = 	 {Leicester, UK},
  month = 	 {September 12-13},
  organization = {PNGT 2008},
  annote = 	 {PC}
}

@Proceedings{grabats2008-pc,
  title = 	 {4th International Workshop on Graph-Based Tools: The Contest},
  year = 	 {2008},
  address = 	 {Leicester, UK},
  month = 	 {September 12-13},
  organization = {GRABATS 2008},
  annote = 	 {PC}
}

@Proceedings{gtvmt2007-pc,
  title = 	 {6th International Workshop on Graph Transformation and Visual Modelling Techniques},
  year = 	 {2007},
  address = 	 {Braga, Portugal},
  month = 	 {March 31 - April 1},
  organization = {GT-VMT 2007},
  annote = 	 {PC}
}

@Proceedings{agtive2007-pc,
  title = 	 {3rd International Symposium on Applications of Graph Transformations with Industrial Relevance},
  year = 	 {2007},
  address = 	 {Kassel, Germany},
  month = 	 {October 10-12},
  organization = {AGTIVE 2007},
  annote = 	 {PC}
}

@Proceedings{wapl2007-pc,
  title = 	 {1st Workshop on Advances in Programming Languages},
  year = 	 {2007},
  address = 	 {Wisla, Poland},
  month = 	 {October 15-17},
  organization = {WAPL 2007},
  annote = 	 {PC}
}

@Proceedings{models2007edu-pc,
  title = 	 {Educators Symposium at ACM/IEEE International Conference on Model Driven
Engineering Languages and Systems},
  year = 	 {2007},
  address = 	 {Nashville, TN, US},
  month = 	 {October 1},
  organization = {MODELS-Edu 2007},
  annote = 	 {PC}
}

@Proceedings{models2007-chair,
  title = 	 {ACM/IEEE International Conference on Model Driven
Engineering Languages and Systems},
  year = 	 {2007},
  address = 	 {Nashville, TN, US},
  month = 	 {October 1},
  organization = {MODELS 2007},
  note = {Academic Posters and Demos Chair},
  annote = 	 {Chair}
}

@Proceedings{modeva2007-pc,
  title = 	 {Perspectives on integrating MDA and V\&V},
  year = 	 {2007},
  address = 	 {Nashville, TN, US},
  month = 	 {October 2},
  organization = {MODEVA 2007},
  annote = 	 {PC}
}

@Proceedings{atem2007-pc,
  title = 	 {4th International Workshop on Metamodels, Schemas, Grammars and Ontologies for Reverse Engineering},
  year = 	 {2007},
  address = 	 {Nashville, TN, US},
  month = 	 {October 1},
  organization = {ATEM 2007},
  annote = 	 {PC}
}

@Proceedings{sac2007-pc,
  title = 	 {The 22nd Annual ACM Symposium on Applied Computing (Track on Model Transformation)},
  year = 	 {2007},
  address = 	 {Seoul, Korea},
  month = 	 {March 11-15},
  organization = {SAC 2007},
  annote = 	 {PC}
}

@Proceedings{sac2006-pc,
  title = 	 {The 21st Annual ACM Symposium on Applied Computing (Track on Model Transformation)},
  year = 	 {2006},
  address = 	 {Dijon, France},
  month = 	 {April 27},
  organization = {SAC 2006},
  annote = 	 {PC}
}

@Proceedings{edcc2006-pc,
  title = 	 {Sixth European Dependable Computing Conference },
  year = 	 {2006},
  address = 	 {Coimbra, Portugal},
  month = 	 {October 18-20},
  organization = {EDCC 2006},
  annote = 	 {PC}
}
@Proceedings{gtvmt2006-chair,
  title = 	 {5th International Workshop on Graph Transformation and Visual Modelling Techniques},
  year = 	 {2006},
  address = 	 {Vienna, Austria},
  month = 	 {April 1-2},
  organization = {GT-VMT 2006},
  annote = 	 {Chair}
}

@Proceedings{icgt2006-pc,
  title = 	 {International Conference on Graph Transformation},
  year = 	 {2006},
  address = 	 {Natal, Brazil},
  month = 	 {September 17 - September 23},
  organization = {ICGT 2006},
  annote = 	 {PC}
}

@Proceedings{iwmec2006-pc,
  title = 	 {International Workshop on Models for Enterprise Computing },
  year = 	 {2006},
  address = 	 {Hong Kong, China},
  month = 	 {October 6},
  organization = {IWMEC 2006},
  annote = 	 {PC}
}
@Proceedings{grabats2006-chair,
  title = 	 {International Workshop on Graph Based Tools},
  year = 	 {2006},
  address = 	 {Natal, Brazil},
  month = 	 {September 18},
  organization = {GRABATS 2006},
  annote = 	 {Chair}
}

@Proceedings{modeva2006-pc,
  title = 	 {Perspectives on integrating MDA and V\&V},
  year = 	 {2006},
  address = 	 {Genova, Italy},
  month = 	 {October 2},
  organization = {MODEVA 2006},
  annote = 	 {PC}
}

@Proceedings{atem2006-pc,
  title = 	 {3rd International Workshop on Metamodels, Schemas, Grammars and Ontologies for Reverse Engineering},
  year = 	 {2006},
  address = 	 {Genova, Italy},
  month = 	 {October 1},
  organization = {ATEM 2006},
  annote = 	 {PC}
}

@Proceedings{fujaba2006-pc,
  title = 	 {4th International Fujaba Days},
  year = 	 {2006},
  address = 	 {Bayreuth, Germany},
  month = 	 {September 28-30},
  organization = {FUJABA 2006},
  annote = 	 {PC}
}

@Proceedings{gramot2006-pc,
  title = 	 {2nd International Workshop on Graph and Model Transformation},
  year = 	 {2006},
  address = 	 {Brighton, UK},
  month = 	 {September 8},
  organization = {GRAMOT 2006},
  annote = 	 {PC}
}

@Proceedings{gtvc2006-pc,
  title = 	 {Graph Transformation for Verification and Concurrency},
  year = 	 {2006},
  address = 	 {Bonn, Germany},
  month = 	 {August 31},
  organization = {GTVC 2006},
  annote = 	 {PC}
}

@Proceedings{cmt2006-pc,
  title = 	 {European Workshop on Composition of Model Transformations},
  year = 	 {2006},
  address = 	 {Bilbao, Spain},
  month = 	 {July 10},
  organization = {CMT 2006},
  annote = 	 {PC}
}

@Proceedings{icdcs2006-pc,
  title = 	 {The 26th IEEE International Conference on Distributed Computing Systems (Track on Fault Tolerance and Dependability)},
  year = 	 {2006},
  address = 	 {Lisbon, Portugal},
  month = 	 {July 4-7},
  organization = {ICDCS 2006},
  annote = 	 {PC}
}

@Proceedings{gamma2006-pc,
  title = 	 {First International Workshop on Global Integrated Model Management},
  year = 	 {2006},
  address = 	 {Shanghai, China},
  month = 	 {May 22},
  organization = {GAMMA 2006},
  annote = 	 {PC}
}

@Proceedings{mtip2005-pc,
  title = 	 {Model Transformations in Practice Workshop},
  year = 	 {2005},
  address = 	 {Montego Bay, Jamaica},
  month = 	 {2005},
  organization = {MTIP 2005},
  annote = 	 {PC}
}

@Proceedings{gramot2005-pc,
  title = 	 {1st International Workshop on Graph and Model Transformation},
  year = 	 {2005},
  address = 	 {Tallinn, Estonia},
  month = 	 {September 28},
  organization = {GRAMOT 2005},
  annote = 	 {PC}
}

@Proceedings{fujaba2005-pc,
  title = 	 {3rd International Fujaba Days},
  year = 	 {2005},
  address = 	 {Paderborn, Germany},
  month = 	 {September 15-18},
  organization = {FUJABA 2005},
  annote = 	 {PC}
}

@Proceedings{edcc2005-lo,
  title = 	 {Fifth European Dependable Computing Conference},
  year = 	 {2005},
  address = 	 {Budapest, Hungary},
  month = 	 {April 20-22},
  organization = {EDCC 2005},
  note = {Local Organization Chair},
  annote = 	 {LO}
}

@Proceedings{gtvc2005-pc,
  title = 	 {Graph Transformation for Verification and Concurrency},
  year = 	 {2005},
  address = 	 {San Francisco, CA, US},
  month = 	 {August 22},
  organization = {GTVC 2005},
  annote = 	 {PC}
}

@Proceedings{grabats2004-pc,
  title = 	 {International Workshop on Graph Based Tools},
  year = 	 {2004},
  address = 	 {Rome, Italy},
  month = 	 {October 2},
  organization = {GRABATS 2004},
  annote = 	 {PC}
}

@Misc{jot,
  OPTauthor = 	 {AITO},
  title = 	 {Journal of Object Technology},
  note = 	 {Editorial Board member (2011-)},
  annote = 	 {Journal}
}

@Misc{sosym,
  author = 	 {Springer},
  title = 	 {Software and Systems Modeling},
  note = 	 {Editorial Board member (2011-)},
  annote = 	 {Journal}
}

@Misc{scp,
  author = 	 {Elsevier},
  title = 	 {Science of Computer Programming},
  note = 	 {Regular reviewer},
  annote = 	 {Journal}
}

@Misc{ieee-tse,
  author = 	 {IEEE},
  title = 	 {Transactions on Software Engineering},
  note = 	 {Regular reviewer},
  annote = 	 {Journal}
}

@Misc{ieee-sw,
  author = 	 {IEEE},
  title = 	 {Software},
  note = 	 {Occasional reviewer},
  annote = 	 {Journal}
}

@Misc{acm-tosem,
  author = 	 {ACM},
  title = 	 {Transactions on Software Engineering and Methodology},
  note = 	 {Occasional reviewer},
  annote = 	 {Journal}
}

@Misc{sttt,
  author = 	 {Springer},
  title = 	 {Software Tools for Technology Transfer},
  note = 	 {Occasional reviewer},
  annote = 	 {Journal}
}

@Misc{jss,
  author = 	 {Elsevier},
  title = 	 {Journal of Systems and Software},
  note = 	 {Occasional reviewer},
  annote = 	 {Journal}
}

@Misc{ause,
  author = 	 {Springer},
  title = 	 {Automated Software Engineering},
  note = 	 {Occasional reviewer},
  annote = 	 {Journal}
}

@Misc{cost,
  author = 	 {EU},
  title = 	 {COST Action},
  note = 	 {Reviewer},
  annote = 	 {Review}
}

@Misc{nwo,
  author = 	 {{NWO Netherlands}},
  title = 	 {Vici Grants},
  note = 	 {Reviewer},
  annote = 	 {Review}
}

@Misc{nserc,
  author = 	 {{NSERC Canada}},
  title = 	 {Discovery Grants},
  note = 	 {Reviewer},
  annote = 	 {Review}
}

@Misc{fct,
  author = 	 {{FCT Portugal}},
  title = 	 {Project Grants},
  note = 	 {Reviewer},
  annote = 	 {Review}
}

@Misc{fwf,
  author = 	 {{FWF Austria}},
  title = 	 {Project Grants},
  note = 	 {Reviewer},
  annote = 	 {Review}
}

@Misc{mta,
  author = 	 {{Hungarian Academy of Sciences}},
  title = 	 {Bolyai Scholarship},
  note = 	 {Regular reviewer},
  annote = 	 {Review}
}

@Misc{simi,
  author = 	 {{SIMI France}},
  title = 	 {Project Grant},
  note = 	 {Reviewer},
  annote = 	 {Review}
}

@Misc{york,
  author = 	 {{University of York, UK}},
  title = 	 {Faculty Staff Promotion},
  note = 	 {External evaluator},
  annote = 	 {Review}
}

@Misc{stellenbosch,
  author = 	 {{University of Stellenbosch, South Africa}},
  title = 	 {Faculty staff promotion},
  note = 	 {Reviewer},
  annote = 	 {Review}
}

@Misc{udem,
  author = 	 {{Universit\'e de Montr\'eal, Canada}},
  title = 	 {Faculty staff promotion},
  note = 	 {External reviewer},
  annote = 	 {Review}
}


@PhdThesis{VargaJanos,
  author = 	 {Varga, J\'anos},
  title = 	 {TBD},
  school = 	 {King's College London},
  address =  {UK},
  year = 	 {2019},
  note = 	 {\textbf{External reviewer}},
  annote = 	 {Opponent}
}

@PhdThesis{Haussler,
  author = 	 {Martin Haussler},
  title = 	 {A {NoSQL} Model Repository for Scalable Model Versioning, Querying \& Persistence},
  school = 	 {University of Innsbruck},
  address =  {Austria},
  year = 	 {2018},
  note = 	 {\textbf{External reviewer}},
  annote = 	 {Opponent}
}



@PhdThesis{Oakes,
  author = 	 {Bentley Oakes},
  title = 	 {A Symbolic Execution-based Approach to Model Transformation Verification Using Structural Contracts},
  school = 	 {McGill University, School of Computer Science},
  address =  {Canada},
  year = 	 {2018},
  note = 	 {\textbf{Internal examiner}},
  annote = 	 {Internal Examiner}
}

@PhdThesis{AlBayati,
  author = 	 {Zaid Al-bayati},
  title = 	 {Design and Scheduling of Efficient Real-Time Embedded Systems},
  school = 	 {McGill University},
  address =  {Canada},
  year = 	 {2017},
  note = 	 {\textbf{Internal examiner}},
  annote = 	 {Internal Examiner}
}


@PhdThesis{Beyhl,
  author = 	 {Thomas Beyhl},
  title = 	 {A Framework for Incremental View Graph Maintenance},
  school = 	 {Hasso Plattner Institute},
  address =  {Germany},
  year = 	 {2017},
  note = 	 {\textbf{External reviewer}},
  annote = 	 {Opponent}
}

@PhdThesis{GasconSamson,
  author = 	 {Julien Gascon-Samson},
  title = 	 {Adaptive Cloud Publish-Subscribe Services for Latency-Constrained Applications},
  school = 	 {McGill University},
  address =  {Canada},
  year = 	 {2016},
  note = 	 {\textbf{Member of oral PhD defense committee}},
  annote = 	 {Member of oral defense committee}
}


@PhdThesis{MarosiAttila,
  author = 	 {Marosi, Attila},
  title = 	 {Complex {PhD} Exam},
  school = 	 {Budapest University of Technology and Economics},
  address =  {Hungary},
  year = 	 {2016},
  note = 	 {\textbf{Examiner and chair of exam committee}},
  annote = 	 {Member of oral defense committee}
}

@PhdThesis{DeCarlos,
  author = 	 {Xabier De Carlos Garcia},
  title = 	 {Model Query Transformation Framework 
({MQT}): from {EMF}-Based Model Query Languages to Persistence-Specific Query Languages},
  school = 	 {Mondragon University},
  address =  {Spain},
  year = 	 {2016},
  note = 	 {\textbf{Member of oral PhD defense committee}},
  annote = 	 {Member of oral defense committee}
}

@PhdThesis{Marosi,
  author = 	 {Attila Marosi},
  title = 	 {PhD complex exam},
  school = 	 {Budapest University of Technology and Economics},
  address =  {Hungary},
  year = 	 {2015},
  note = 	 {\textbf{Examiner and chair of exam committee}},
  annote = 	 {Opponent}
}


@PhdThesis{Hegyhati,
  author = 	 {M\'at\'e Hegyh\'ati},
  title = 	 {Batch process scheduling: Extensions of the {S-graph} framework},
  school = 	 {Pannon Egyetem},
  address =  {Hungary},
  year = 	 {2015},
  note = 	 {\textbf{External reviewer}},
  annote = 	 {Opponent}
}


@PhdThesis{Vajk,
  author = 	 {Tam\'as Vajk},
  title = 	 {Constraint Validation-Based Performance Optimizations in Domain-Specific Modeling Environments},
  school = 	 {Budapest University of Technology and Economics},
  address =  {Hungary},
  year = 	 {2014},
  note = 	 {\textbf{Chair of PhD defense committee}}
}

@PhdThesis{Kalauz,
  author = 	 {K\'aroly Kalauz},
  title = 	 {Algorithmic Synthesis of Structural Alternatives for Business Processes},
  school = 	 {Pannon Egyetem},
  address =  {Hungary},
  year = 	 {2014},
  note = 	 {\textbf{External reviewer}},
  annote = 	 {Opponent}
}


@PhdThesis{Hildebrandt,
  author = 	 {Stephan Hildebrandt},
  title = 	 {On the Performance and Conformance of Triple Graph Grammar Implementations},
  school = 	 {Hasso Plattner Institute, Potsdam},
  address =  {Germany},
  year = 	 {2013},
  note = 	 {\textbf{External reviewer}},
  annote = 	 {Opponent}
}

@PhdThesis{Ciccozzi,
  author = 	 {Federico Ciccozzi},
  title = 	 {From Models to Code and Back: A Round-trip Approach for Model-driven Engineering of Embedded Systems},
  school = 	 {V{\"a}steras University},
  address =  {Sweden},
  year = 	 {2014},
  note = 	 {\textbf{External reviewer}},
  annote = 	 {Opponent}
}


@PhdThesis{Zombori,
  author = 	 {Zsolt Zombori},
  title = 	 {Prolog based Reasoning},
  school = 	 {Budapest University of Technology and Economics},
  address =  {Hungary},
  year = 	 {2013},
  note = 	 {\textbf{Internal reviewer}},
  annote = 	 {Opponent}
}


@PhdThesis{Meszaros,
  author = 	 {Tam\'as M\'esz\'aros },
  title = 	 {Supporting Model Simulation Methods with Graph Transformation},
  school = 	 {Budapest University of Technology and Economics},
  address =  {Budapest, Hungary},
  year = 	 {2011},
  note = 	 {\textbf{Internal reviewer}},
  annote = 	 {Opponent}
}

@PhdThesis{Siikarla,
  author = 	 {Mika Siikarla},
  title = 	 {A light-weight approach to developing interactive model transformations},
  school = 	 {TU Tampere},
  year = 	 {2011},
  address = 	 {Finland},
  note = 	 {\textbf{External reviewer}},
  annote = 	 {Opponent}
}

@PhdThesis{Lundkvist,
  author = 	 {Torbj\"orn Lundkvist},
  title = 	 {Application of Graph Transformation in Tools for Domain-Specific Modeling Languages},
  school = 	 {Abo University},
  year = 	 {2011},
  address = 	 {Finland},
  note = 	 {\textbf{External reviewer}},
  annote = 	 {Opponent}
}

@PhdThesis{Guta,
  author = 	 {G\'abor Guta},
  title = 	 {Model-to-Text Transformation Modification by Examples},
  school = 	 {Johannes Kepler University Linz},
  year = 	 {2012},
  address = 	 {Austria},
  note = 	 {\textbf{Thesis reviewer}},
  annote = 	 {Opponent}
}

@PhdThesis{Gergely,
  author = 	 {Tam\'as Gergely},
  title = 	 {Static and Dynamic Analysis of Programs},
  school = 	 {University of Szeged},
  address =  {Hungary},
  year = 	 {2010},
  note = 	 {\textbf{External reviewer}},
  annote = 	 {Opponent}
}

@PhdThesis{Vidacs,
  author = 	 {L\'aszl\'o Vid\'acs},
  title = 	 {Software Maintenance Techniques for Preprocessed Languages},
  school = 	 {University of Szeged},
  address =  {Hungary},
  year = 	 {2010},
  note = 	 {\textbf{External reviewer}},
  annote = 	 {Opponent}
}

@PhdThesis{Hettel,
  author = 	 {Thomas Hettel},
  title = 	 {Model Round-Trip Engineering},
  school = 	 {Queensland University of Technology},
  address =  {Australia},
  year = 	 {2009},
  note = 	 {\textbf{External reviewer}},
  annote = 	 {Opponent}
}


@PhdThesis{Sipos,
  author = 	 {\'Ad\'am Sipos},
  title = 	 {Efficient Development of Template Based Meta-Programs},
  school = 	 {E\"otv\"os University},
  address =  {Budapest, Hungary},
  year = 	 {2009},
  note = 	 {\textbf{External reviewer}},
  annote = 	 {Opponent}
}

@PhdThesis{Lukacsy,
  author = 	 {Gergely Luk\'acsy},
  title = 	 {Semantic Technologies based on Logic Programming},
  school = 	 {Budapest University of Technology and Economics},
  address =  {Budapest, Hungary},
  year = 	 {2008},
  note = 	 {\textbf{Internal reviewer}},
  annote = 	 {Opponent}
}

@PhdThesis{Hajdara,
  author = 	 {Szabolcs Hajdara},
  title = 	 {Designing and Synthesizing the Synchronization of Concurrent Object-Oriented Systems},
  school = 	 {E\"otv\"os University},
  address =  {Budapest, Hungary},
  year = 	 {2008},
  note = 	 {\textbf{External reviewer}},
  annote = 	 {Opponent}
}

