% This file was created with JabRef 2.6.
% Encoding: Cp1250


@article{sosym-2019-gamma,
	author = {Bence Graics and 
				Vince Moln\'ar and 
				Andr{\'{a}}s V{\"{o}}r{\"{o}}s and
				Istv\'an Majzik and 
               	D{\'{a}}niel Varr{\'{o}}},
    author+an = {2:family=student;5:family=self}, 
    title = {Mixed-Semantics Composition of Statecharts for the Component-Based Design of Reactive Systems}, 
	journal = {Software and Systems Modeling},
	publisher = {Springer},
	pages = {1-28},
	note = {Under review},
	year = {2019}
}

@article{sttt-2019-div,
	author = {Oszk\'ar Semer\'ath and 
				Rebeka Farkas and 
				G\'abor Bergmann and
               	D{\'{a}}niel Varr{\'{o}}},
    author+an = {1:family=student;4:family=self}, 
	journal = {Software Tools on Technology Transfer},
	publisher = {Springer},
	OPTvolume =  {35},
	OPTnumber = {6},
	pages = {1-22},
	title = {Diversity of Graph Models and Graph Generators in Mutation Testing},
	note ={In press},
	year = {2019}
}

@article{sttt-2019-cps,
	author = {M{\'{a}}rton B{\'{u}}r and
               G{\'{a}}bor Szil{\'{a}}gyi and
               Andr{\'{a}}s V{\"{o}}r{\"{o}}s and
               D{\'{a}}niel Varr{\'{o}}},
    author+an = {1:family=student;4:family=self}, 
	journal = {Software Tools on Technology Transfer},
	publisher = {Springer},
	OPTvolume =  {35},
	OPTnumber = {6},
	pages = {1-25},
	title = {Distributed Graph Queries Over Models{\@}run.time for Runtime Monitoring of Cyber-Physical Systems},
	note ={In press},
	year = {2019}
}

@inproceedings{mdeintelligence2019,
  author    = {Sebastian Pilarski and Martin Staniszewski and Frederic Villeneuve and D{\'a}niel Varr{\'o}},
  author+an = {1:family=student;4:family=self},
  keywords = {workshop},
  title     = {On Artificial Intelligence for Simulation and Design Space Exploration in Gas Turbine Design},
  booktitle     = {1st st Workshop on Artificial Intelligence and Model-driven Engineering {\@}{MODELS} 2019,  Munich, Germany, September 16},
  OPTdoi       = {10.1145/3239372.3239412},
  OPTpublisher = {{ACM} / {IEEE}},
  year      = {2019},
  pages     = {1--4},
  note        = {In press},
}

@inproceedings{models2019-wcet,
  author    = {M\'arton B\'ur and D{\'a}niel Varr{\'o}},
  author+an = {1:family=student;2:family=self},
  title     = {Towards WCET Estimation of Graph Queries{\@}Run.time},
  booktitle     = {21st {ACM/IEEE} International Conference on Model Driven Engineering
               Languages and Systems, {MODELS} 2019,  Munich, Germany, September 18-20},
  OPTdoi       = {10.1145/3239372.3239412},
  publisher = {{ACM} / {IEEE}},
  year      = {2019},
  pages     = {1--6},
  note        = {In press},
}

@inproceedings{models2019-systest,
  author    = {Istv\'an Majzik and Csaba Hajdu and Krist\'of Marussy and Zolt\'an Micskei and Oszk\'ar Semer√°th and Zolt\'an Szatm\'ari and Andr{\'{a}}s V{\"{o}}r{\"{o}}s  and Aren Babikian and D{\'a}niel Varr{\'o}},
  author+an = {3:family=student;5:family=student;8:family=student;9:family=self},
  title     = {Towards System-Level Testing with Coverage Guarantees for Autonomous Vehicles},
  booktitle     = {21st {ACM/IEEE} International Conference on Model Driven Engineering
               Languages and Systems, {MODELS} 2019,  Munich, Germany, September 18-20},
  OPTdoi       = {10.1145/3239372.3239412},
  publisher = {{ACM} / {IEEE}},
  year      = {2019},
  pages     = {1--6},
  note        = {In press},
}


@proceedings{mise2019,
  editor    = {Marsha Chechik and
               Daniel Str{\"{u}}ber and
               D{\'{a}}niel Varr{\'{o}}},
  title     = {Proceedings of the 11th International Workshop on Modelling in Software
               Engineerings, MiSE\@ICSE 2019, Montreal, QC, Canada, May 26-27, 2019},
  author+an = {3:family=self},
  publisher = {{ACM}},
  year      = {2019},
  url       = {https://dl.acm.org/citation.cfm?id=3340709}
}

@inproceedings{icse2019-tool,
  author    = {Oszk\'ar Semer\'ath and 
				Sebastian Pilarski and 
				Aren Babikian and 
				D{\'a}niel Varr{\'o}},
  author+an = {1:family=student;2:family=student;3:family=student;4:family=self},
  title     = {{VIATRA Solver}: A Framework for the Automated Generation of Consistent Domain-Specific Models},
  booktitle = {41st {ACM/IEEE} International Conference on Software Engineering: Companion Proceedings, {ICSE}
               2019, Montreal, Canada},
  publisher = {{IEEE} / {ACM}},
  pages     = {43--46},
  url       = {https://dl.acm.org/citation.cfm?id=3339687},
  year      = {2019},
  OPTdoi       = {10.1145/3270112.3270125}
}

@inproceedings{wf-iot-2019,
  author    = {M{\'{a}}rton B{\'{u}}r and
               D{\'{a}}niel Varr{\'{o}}},
  author+an = {1:family=student;2:family=self},
  title     = {Evaluation of Distributed Query-Based Monitoring over Data Distribution Service},
  booktitle = {5th {IEEE} World Forum on Internet of Things, WF-IoT 2019, Limerick, Ireland, April 15-18, 2019},
  pages     = {674--679},
  year      = {2019},
  publisher = {{IEEE}},
  doi       = {10.1109/WF-IoT.2019.8767281}
}
@article{ieeesw2018,
	author = {Csaba Debreceni and G{\'{a}}bor Bergmann and R{\'{a}}th, Istv{\'{a}}n and Varr{\'{o}}, D{\'{a}}niel},
	author+an = {1:family=student;4:family=self},
	journal = {{IEEE} Software},
	publisher = {IEEE},
	volume =  {35},
	number = {6},
	pages = {32-38},
	title = {Secure Views for Collaborative Modeling},
	doi = {10.1109/MS.2018.290101728},
	note ={IF: 2.190},
	year = {2018}
}

@article{sosym2019-mt,
	author = {Kahani, Nafiseh and Mojtaba Bagherzadeh and James R. Cordy and Juergen Dingel and Varr{\'{o}}, D{\'{a}}niel},
	author+an = {5:family=self},
	journal = {Software {\&} Systems Modeling},
	volume =  {18},
	number = {4},
	pages = {2361-2397},
	publisher = {Springer Berlin Heidelberg},
	title = {Survey and classification of model transformation tools},
	note ={IF: 2.651},
	doi = {10.1007/s10270-018-0665-6},
	year = {2019}
}

@article{sosym2018-cep,
  title 	= {Foundations for Streaming Model Transformations by Complex Event Processing},
  author 	= {Istv\'an D\'avid and  Istv{\'{a}}n R{\'{a}}th and D{\'{a}}niel Varr{\'{o}}},
  author+an = {3:family=self},
  journal   	= {Software and System Modeling},
  volume    = {17},
  issue = {1},
  pages = {135--162},
  year 	= {2018},
  note = {IF: 1.722},
  doi = {10.1007/s10270-016-0533-1}
}


@inproceedings{models2018-tool,
  author    = {{\'{A}}bel Heged{\"{u}}s and
               G{\'{a}}bor Bergmann and
               Csaba Debreceni and
               {\'{A}}kos Horv{\'{a}}th and
               P{\'{e}}ter Lunk and
               {\'{A}}kos Menyh{\'{e}}rt and
               Istv{\'{a}}n Papp and
               D{\'{a}}niel Varr{\'{o}} and
               Tomas Vileiniskis and
               Istv{\'{a}}n R{\'{a}}th},
  author+an = {3:family=student;8:family=self},
  title     = {{IncQuery Server for Teamwork Cloud}: scalable query evaluation over
               collaborative model repositories},
  booktitle = {Proceedings of the 21st {ACM/IEEE} International Conference on Model
               Driven Engineering Languages and Systems: Companion Proceedings, {MODELS}
               2018, Copenhagen, Denmark, October 14-19, 2018},
  publisher = {{ACM}},
  pages     = {27--31},
  year      = {2018},
  note = {\textbf{Best tool paper award}},
  doi       = {10.1145/3270112.3270125}
}

@inproceedings{vlhcc2018,
  author    = {Ankica Barisic and Csaba Debreceni and D{\'a}niel Varr{\'o} and Vasco Amaral and Miguel Goul\~{a}o},
  author+an = {2:family=student;3:family=self},
  title     = {Evaluating the efficiency of using a search-based automated model merge technique},
  booktitle     = {2018 IEEE Symposium on Visual Languages and Human-Centric
               Computing, VL/HCC 2018, Lisbon, Portugal, October 1-4, 2018},
  publisher = {IEEE},	
  doi       = {10.1109/VLHCC.2018.8506512},
  year      = {2018},
  pages     = {193--197}
}

@inproceedings{models2018,
  author    = {Krist\'of Marussy and Oszk\'ar Semer\'ath and D{\'a}niel Varr{\'o}},
  author+an = {1:family=student;2:family=student;3:family=self},
  title     = {Incremental View Model Synchronization Using Partial Models},
  booktitle     = {20th {ACM/IEEE} International Conference on Model Driven Engineering
               Languages and Systems, {MODELS} 2018,  Copenhagen, Denmark, October 14-19, 2018},
  doi       = {10.1145/3239372.3239412},
  publisher = {{ACM}},
  year      = {2018},
  pages     = {323--333},
  note        = {Acceptance rate: 28\%},
}

@incollection{fmhe2018,
  author    = {D{\'{a}}niel Varr{\'{o}} and
               Oszk{\'{a}}r Semer{\'{a}}th and
               G{\'{a}}bor Sz{\'{a}}rnyas and
               {\'{A}}kos Horv{\'{a}}th},
  author+an = {1:family=self;2:family=student;3:family=student},
  title     = {Towards the Automated Generation of Consistent, Diverse, Scalable
               and Realistic Graph Models},
  booktitle = {Graph Transformation, Specifications, and Nets - In Memory of Hartmut
               Ehrig},
  series    = {LNCS},
  volume    = {10800},
  publisher = {Springer},  
  pages     = {285--312},
  year      = {2018},
  OPTurl       = {https://doi.org/10.1007/978-3-319-75396-6_16},
  doi       = {10.1007/978-3-319-75396-6_16}
}

@inproceedings{fase2018-cps,
  author    = {M{\'{a}}rton B{\'{u}}r and
               G{\'{a}}bor Szil{\'{a}}gyi and
               Andr{\'{a}}s V{\"{o}}r{\"{o}}s and
               D{\'{a}}niel Varr{\'{o}}},
  author+an = {1:family=student;4:family=self},
  title     = {Distributed Graph Queries for Runtime Monitoring of Cyber-Physical
               Systems},
  booktitle = {Fundamental Approaches to Software Engineering, 21st International
               Conference, {FASE} 2018, Held as Part of the European Joint Conferences
               on Theory and Practice of Software, {ETAPS} 2018, Thessaloniki, Greece,
               April 14-20, 2018, Proceedings.},
  series    = {LNCS},
  volume    = {10802},
  publisher = {Springer},
  pages     = {111--128},
  year      = {2018},
  note = {\textbf{EASST Best Paper Award at ETAPS 2018}, Acceptance rate: 30\%},
  OPTurl       = {https://doi.org/10.1007/978-3-319-89363-1_7},
  doi       = {10.1007/978-3-319-89363-1_7}
}


@inproceedings{fase2018-diverse,
  author    = {Oszk{\'{a}}r Semer{\'{a}}th and
               D{\'{a}}niel Varr{\'{o}}},
  author+an = {1:family=student;2:family=self},
  title     = {Iterative Generation of Diverse Models for Testing Specifications
               of {DSL} Tools},
  booktitle = {Fundamental Approaches to Software Engineering, 21st International
               Conference, {FASE} 2018, Held as Part of the European Joint Conferences
               on Theory and Practice of Software, {ETAPS} 2018, Thessaloniki, Greece,
               April 14-20, 2018, Proceedings.},
  pages     = {227--245},
  series    = {LNCS},
  volume    = {10802},
  publisher = {Springer},
  year      = {2018},
  note = {Acceptance rate: 30\%},
  OPTurl       = {https://doi.org/10.1007/978-3-319-89363-1_13},
  doi       = {10.1007/978-3-319-89363-1_13}
}

@inproceedings{icse2018-gamma,
  author    = {Vince Moln{\'{a}}r and
               Bence Graics and
               Andr{\'{a}}s V{\"{o}}r{\"{o}}s and
               Istv{\'{a}}n Majzik and
               D{\'{a}}niel Varr{\'{o}}},
  author+an = {1:family=student;5:family=self},
  title     = {The {Gamma} statechart composition framework: design, verification
               and code generation for component-based reactive systems},
  booktitle = {Proceedings of the 40th International Conference on Software Engineering:
               Companion Proceeedings, {ICSE} 2018, Gothenburg, Sweden, May 27 -
               June 03, 2018},
  publisher = {{ACM}},
  pages     = {113--116},
  year      = {2018},
  note = {Acceptance rate: 42\%},
  OPTurl       = {http://doi.acm.org/10.1145/3183440.3183489},
  doi       = {10.1145/3183440.3183489},
}

@inproceedings{icse2018-solver,
  author    = {Oszk{\'{a}}r Semer{\'{a}}th and
               Andr{\'{a}}s Szabolcs Nagy and
               D{\'{a}}niel Varr{\'{o}}},
  author+an = {1:family=student;2:family=student;3:family=self},
  title     = {A graph solver for the automated generation of consistent domain-specific
               models},
  booktitle = {Proceedings of the 40th International Conference on Software Engineering,
               {ICSE} 2018, Gothenburg, Sweden, May 27 - June 03, 2018},
  pages     = {969--980},
  publisher = {{ACM}},
  year      = {2018},
  note = {Acceptance rate: 21\%},
  OPTurl       = {http://doi.acm.org/10.1145/3180155.3180186},
  doi       = {10.1145/3180155.3180186},
}

@inproceedings{nfm2018,
  author    = {Andr{\'{a}}s V{\"{o}}r{\"{o}}s and
               M{\'{a}}rton B{\'{u}}r and
               Istv{\'{a}}n R{\'{a}}th and
               {\'{A}}kos Horv{\'{a}}th and
               Zolt{\'{a}}n Micskei and
               L{\'{a}}szl{\'{o}} Balogh and
               B{\'{a}}lint Hegyi and
               Benedek Horv{\'{a}}th and
               Zsolt M{\'{a}}zl{\'{o}} and
               D{\'{a}}niel Varr{\'{o}}},
  author+an = {2:family=student;10:family=self},
  title     = {MoDeS3: Model-Based Demonstrator for Smart and Safe Cyber-Physical
               Systems},
  booktitle = {{NASA} Formal Methods - 10th International Symposium, {NFM} 2018,
               Newport News, VA, USA, April 17-19, 2018, Proceedings},
  pages     = {460--467},
  year      = {2018},
  series    = {LNCS},
  volume    = {10811},
  publisher = {Springer},
  note = {Acceptance rate: 33.7\%},
  OPTurl       = {https://doi.org/10.1007/978-3-319-77935-5_31},
  doi       = {10.1007/978-3-319-77935-5_31}
}

@article{sosym2017-mondo,
	author = {Csaba Debreceni and G{\'{a}}bor Bergmann and R{\'{a}}th, Istv{\'{a}}n and Varr{\'{o}}, D{\'{a}}niel},
	author+an = {1:family=student;4:family=self},
	doi = {10.1007/s10270-017-0631-8},
	journal = {Software {\&} Systems Modeling},
	volume = {18},
	issue = {3},
	pages = {1737-1769},
	publisher = {Springer Berlin Heidelberg},
	title = {Enforcing fine-grained access control for secure collaborative modelling using bidirectional transformations},
	note ={IF: 2.651},
	OPTurl = {https://doi.org/10.1007/s10270-017-0631-8},
	year = {2019}
}

@article{sosym2017-tb,
	author = {Sz{\'{a}}rnyas, G{\'{a}}bor and Izs{\'{o}}, Benedek and R{\'{a}}th, Istv{\'{a}}n and Varr{\'{o}}, D{\'{a}}niel},
	author+an = {1:family=student;2:family=student;4:family=self},
	doi = {10.1007/s10270-016-0571-8},
	journal = {Software {\&} Systems Modeling},
	month = {jan},
	volume = {17},
	number = {4},
	pages = {1365--1393},
	publisher = {Springer Berlin Heidelberg},
	title = {{The Train Benchmark}: cross-technology performance evaluation of continuous model queries},
	note ={Online first, IF: 1.722},
	OPTurl = {http://link.springer.com/10.1007/s10270-016-0571-8},
	year = {2018}
}

@article{sosym2017-dsl,
	author={Semer\'ath, Oszk\'ar and Barta, \'Agnes and Horv\'ath, \'Akos and Szatm\'ari, Zolt\'an and Varr{\'o}, D\'aniel},
	author+an = {1:family=student;5:family=self},
	title={Formal validation of domain-specific languages with derived features and well-formedness constraints},
	year={2017},
	issn={1619-1366},
	volume = {16},
	issue = {2},
     pages = {357-392},
	journal={Software {\&} Systems Modeling},
	doi={10.1007/s10270-015-0485-x},
	note ={IF: 1.654},
	OPTurl ={http://dx.doi.org/10.1007/s10270-015-0485-x},
	publisher={Springer}
}

@article{act2017,
  author    = {Oszk{\'{a}}r Semer{\'{a}}th and
               D{\'{a}}niel Varr{\'{o}}},
  author+an = {1:family=student;2:family=self},
  title     = {Evaluating Well-Formedness Constraints on Incomplete Models},
  journal   = {Acta Cybern.},
  volume    = {23},
  number    = {2},
  pages     = {687--713},
  year      = {2017},
  OPTurl       = {https://doi.org/10.14232/actacyb.23.2.2017.15},
  doi       = {10.14232/actacyb.23.2.2017.15}
}

@inproceedings{adbis2017,
  author    = {J{\'{o}}zsef Marton and
               G{\'{a}}bor Sz{\'{a}}rnyas and
               D{\'{a}}niel Varr{\'{o}}},
  author+an = {2:family=student;3:family=self},
  title     = {Formalising openCypher Graph Queries in Relational Algebra},
  booktitle = {Advances in Databases and Information Systems - 21st European Conference, {ADBIS} 2017, Nicosia, Cyprus, September 24-27, 2017, Proceedings},
  series    = {LNCS},
  pages     = {182--196},
  year      = {2017},
  volume    = {10509},
  publisher = {Springer},
  note = {Acceptance rate: 24\%},
  OPTurl       = {https://doi.org/10.1007/978-3-319-66917-5_13},
  doi       = {10.1007/978-3-319-66917-5_13},
}

@inproceedings{icmt2017,
  author    = {Oszk{\'{a}}r Semer{\'{a}}th and
               D{\'{a}}niel Varr{\'{o}}},
 author+an = {1:family=student;2:family=self},
  title     = {Graph Constraint Evaluation over Partial Models by Constraint Rewriting},
  booktitle = {Theory and Practice of Model Transformation - 10th International Conference,
               {ICMT} 2017, Held as Part of {STAF} 2017, Marburg, Germany, July 17-18,
               2017, Proceedings},
  pages     = {138--154},
  series    = {LNCS},
  volume    = {10374},
  publisher = {Springer},
  year      = {2017},
  note = {Acceptance rate: 32\%},
  OPTurl       = {https://doi.org/10.1007/978-3-319-61473-1_10},
  doi       = {10.1007/978-3-319-61473-1_10},
}

@inproceedings{commitmde2017,
  author    = {G{\'{a}}bor Bergmann and
               Csaba Debreceni and
               Istv{\'{a}}n R{\'{a}}th and
               D{\'{a}}niel Varr{\'{o}}},
  author+an = {2:family=student;4:family=self},
  title     = {Towards Efficient Evaluation of Rule-based Permissions for Fine-grained
               Access Control in Collaborative Modeling},
  keywords = {workshop},
  booktitle = {Proceedings of {MODELS} 2017 Satellite Event: COMMitMDE Workshop co-located with {MODELS} 2017},
  pages     = {135--144},
  year      = {2017},
  series    = {{CEUR} Workshop Proceedings},
  volume    = {2019},
  publisher = {CEUR-WS.org},
  crossref  = {DBLP:conf/models/2017s},
  OPTurl       = {http://ceur-ws.org/Vol-2019/commitmde_2.pdf}
}

@inproceedings{models2017,
  author    = {Csaba Debreceni and
               G{\'{a}}bor Bergmann and
               Istv{\'{a}}n R{\'{a}}th and
               D{\'{a}}niel Varr{\'{o}}},
  author+an = {1:family=student;4:family=self},
  title     = {Property-Based Locking in Collaborative Modeling},
  booktitle = {20th {ACM/IEEE} International Conference on Model Driven Engineering
               Languages and Systems, {MODELS} 2017,  Austin, TX, USA, September 17-22, 2017},
  publisher = {{IEEE} Computer Society},
  pages     = {199--209},
  year      = {2017},
  note = {Acceptance rate: 28\%},
  OPTurl       = {https://doi.org/10.1109/MODELS.2017.33},
  doi       = {10.1109/MODELS.2017.33},
}

@inproceedings{esec-fse2017,
  author    = {Csaba Debreceni and
               G{\'{a}}bor Bergmann and
               M{\'{a}}rton B{\'{u}}r and
               Istv{\'{a}}n R{\'{a}}th and
               D{\'{a}}niel Varr{\'{o}}},
  author+an = {1:family=student;3:family=student;5:family=self},
  title     = {The {MONDO} collaboration framework: secure collaborative modeling
               over existing version control systems (Tool demonstration)},
  booktitle = {Proceedings of the 2017 11th Joint Meeting on Foundations of Software
               Engineering, {ESEC/FSE} 2017},
  pages     = {984--988},
  publisher = {{ACM}},
  year      = {2017},
  OPTurl       = {http://doi.acm.org/10.1145/3106237.3122829},
  doi       = {10.1145/3106237.3122829},
}

@inproceedings{commitmde2016,
  author    = {Csaba Debreceni and
               G{\'{a}}bor Bergmann and
               Istv{\'{a}}n R{\'{a}}th and
               D{\'{a}}niel Varr{\'{o}}},
  author+an = {1:family=student;4:family=self},
  title     = {Deriving Effective Permissions for Modeling Artifacts from Fine-grained
               Access Control Rules},
  booktitle = {Proceedings of the 1st International Workshop on Collaborative Modelling
               in {MDE} (COMMitMDE 2016) co-located with MoDELS 2016},
  keywords = {workshop},
  pages     = {17--26},
  year      = {2016},
  url  		= {http://ceur-ws.org/Vol-1717/paper6.pdf}
}

@proceedings{sle2016,
  editor    = {Tijs van der Storm and
               Emilie Balland and
               D{\'{a}}niel Varr{\'{o}}},
  author+an = {3:family=self},
  title     = {Proceedings of the 2016 {ACM} {SIGPLAN} International Conference on
               Software Language Engineering, Amsterdam, The Netherlands, October
               31 - November 1, 2016},
  publisher = {{ACM}},
  year      = {2016},
  OPTurl       = {http://doi.acm.org/10.1145/2997364},
  doi       = {10.1145/2997364},
  isbn      = {978-1-4503-4447-0}
}

@proceedings{staf2016-ws,
  editor    = {Paolo Milazzo and
               D{\'{a}}niel Varr{\'{o}} and
               Manuel Wimmer},
  author+an = {2:family=self},
  title     = {Software Technologies: Applications and Foundations - {STAF} 2016
               Collocated Workshops: DataMod, GCM, HOFM, MELO, SEMS, VeryComp, Vienna,
               Austria, July 4-8, 2016, Revised Selected Papers},
  series    = {LNCS},
  volume    = {9946},
  publisher = {Springer},
  year      = {2016},
  OPTurl       = {https://doi.org/10.1007/978-3-319-50230-4},
  doi       = {10.1007/978-3-319-50230-4},
  isbn      = {978-3-319-50229-8},
}

@inproceedings{STAF-proj-2016,
  author    = {Dimitrios S. Kolovos and
               Antonio Garc{\'{\i}}a{-}Dom{\'{\i}}nguez and
               Richard F. Paige and
               Esther Guerra and
               Jes{\'{u}}s S{\'{a}}nchez Cuadrado and
               Juan de Lara and
               Istv{\'{a}}n R{\'{a}}th and
               D{\'{a}}niel Varr{\'{o}} and
               Gerson Suny{\'{e}} and
               Massimo Tisi},
 author+an = {8:family=self},
  title     = {{MONDO:} Scalable Modelling and Model Management on the Cloud},
  booktitle = {Joint Proceedings of the Doctoral Symposium and Projects Showcase
               Held as Part of {STAF} 2016 co-located with Software Technologies:
               Applications and Foundations {(STAF} 2016)},
  keywords = {workshop},
  series    = {{CEUR} Workshop Proceedings},
  volume    = {1675},
  publisher = {CEUR-WS.org},  
  pages     = {55--64},
  year      = {2016},
  url		= {http://ceur-ws.org/Vol-1675/paper7.pdf}
}


@article {sosym2016-trace,
	author = {{\'A}bel Heged{\"u}s and {\'A}kos Horv{\'a}th and Istv{\'a}n R{\'a}th and Rodrigo Rizzi Starr and D{\'a}niel Varr{\'o}},
	author+an = {1:family=student;5:family=self},
	title = {Query-driven soft traceability links for models},
	journal = {Software \& Systems Modeling},
	year = {2016},
	volume = {15},
	number = {3},
	pages = {733--756},
	issn = {1619-1366},
	note = {IF: 1.654}, 
	doi = {10.1007/s10270-014-0436-y}
}

@article{sosym2016-viatra-invited,
  author    = {D{\'{a}}niel Varr{\'{o}} and
               G{\'{a}}bor Bergmann and
               {\'{A}}bel Heged{\"{u}}s and
               {\'{A}}kos Horv{\'{a}}th and
               Istv{\'{a}}n R{\'{a}}th and
               Zolt{\'{a}}n Ujhelyi},
  author+an = {1:family=self;6:family=student},
  title     = {Road to a reactive and incremental model transformation platform:
               three generations of the {VIATRA} framework},
  journal   = {Software and System Modeling},
  volume    = {15},
  number    = {3},
  pages     = {609--629},
  year      = {2016},
  note 	= {Expert's voice},  
  doi = {10.1007/s10270-016-0530-4}
}
	

@inproceedings{MODELS2016-access,
	 author    = {G{\'{a}}bor Bergmann and Csaba Debreceni and Istv{\'{a}}n R{\'{a}}th and D{\'{a}}niel Varr{\'{o}}},
	booktitle = {Proceedings - 19th ACM/IEEE International Conference on Model Driven Engineering Languages and Systems, 	MODELS 2016},
     author+an = {2:family=student;4:family=self},
	doi = {10.1145/2976767.2976793},
     OPTurl       = {http://dl.acm.org/citation.cfm?id=2976793},
	pages = {351--361},
	publisher = {ACM},
	title = {Query-based access control for secure collaborative modeling using bidirectional transformations},
	 note= {\textbf{ACM Distinguished Paper Award}, Acceptance rate: 23.7\%},
	year = {2016}
}

@inproceedings{MODELS2016-bx,
  author    = {Oszk{\'{a}}r Semer{\'{a}}th and Csaba Debreceni and {\'{A}}kos Horv{\'{a}}th and D{\'{a}}niel Varr{\'{o}}},
  author+an = {1:family=student;2:family=student;4:family=self},
  title     = {Incremental Backward Change Propagation of View Models by Logic Solvers},
  booktitle = {Proceedings of IEEE/ACM Conference on Model Driven Engineering, Languages and Systems, {MODELS} 2016, Saint Malo, France, October 5-7, 2016.},
  publisher = {ACM},
  OPTurl       = {http://dl.acm.org/citation.cfm?id=2976788},
  pages = {306--316},
  doi = {10.1145/2976767.2976788},
  note= {Acceptance rate: 23.7\%},
  year      = {2016}
}

@inproceedings{MODELS2016-metrics,
  author    = {G{\'{a}}bor Sz{\'{a}}rnyas and Zsolt K\H{o}vari and \'Agnes Sal\'anki and D{\'{a}}niel Varr{\'{o}}},
  author+an = {1:family=student;4:family=self},
  title     = {Towards the Characterization of Realistic Models: Evaluation of Multidisciplinary Graph Metrics},
  booktitle = {Proceedings of IEEE/ACM Conference on Model Driven Engineering, Languages and Systems, {MODELS} 2016, Saint Malo, France, October 5-7, 2016.},
  publisher = {ACM},
  pages = {87--94},
  url       = {http://dl.acm.org/citation.cfm?id=2976786},
  note= {Acceptance rate: 23.7\%},
  year      = {2016}
}

@inproceedings{BX2016,
  author    = {Oszk{\'{a}}r Semer{\'{a}}th and
               Csaba Debreceni and
               {\'{A}}kos Horv{\'{a}}th and
               D{\'{a}}niel Varr{\'{o}}},
  author+an = {1:family=student;2:family=student;4:family=self},
  title     = {Change Propagation of View Models by Logic Synthesis using {SAT} solvers},
  OPTeditor    = {Anthony Anjorin and Jeremy Gibbons},
  keywords = {workshop},
  booktitle = {Proceedings of the 5th International Workshop on Bidirectional Transformations,
               Bx 2016, co-located with The European Joint Conferences on Theory
               and Practice of Software, {ETAPS} 2016, Eindhoven, The Netherlands,
               April 8, 2016.},
  series    = {{CEUR} Workshop Proceedings},
  volume    = {1571},
  publisher = {CEUR-WS.org},
  pages     = {40--44},
  year      = {2016},
  url = {http://ceur-ws.org/Vol-1571/paper_6.pdf}
}

@inproceedings{fase2016-solver,
  author    = {Oszk{\'{a}}r Semer{\'{a}}th and
               Andr{\'{a}}s V{\"{o}}r{\"{o}}s and
               D{\'{a}}niel Varr{\'{o}}},
  author+an = {1:family=student;3:family=self},
  title     = {Iterative and Incremental Model Generation by Logic Solvers},
  OPTeditor    = {Perdita Stevens and Andrzej Wasowski},
  booktitle = {Fundamental Approaches to Software Engineering - 19th International
               Conference, {FASE} 2016, Held as Part of the European Joint Conferences
               on Theory and Practice of Software, {ETAPS} 2016, Eindhoven, The Netherlands,
               April 2-8, 2016, Proceedings},
  series    = {LNCS},
  volume    = {9633},
  publisher = {Springer},
  pages     = {87--103},
  year      = {2016},
  note= {Acceptance rate: 27\%},
  doi 	= {10.1007/978-3-662-49665-7_6}
}

@inproceedings{fase2016-merge,
  author    = {Csaba Debreceni and Istv{\'{a}}n R{\'{a}}th and D{\'{a}}niel Varr{\'{o}} and
               Xabier De Carlos and Xabier Mendialdua and Salvador Trujillo},
  author+an = {1:family=student;3:family=self},
  title     = {Automated Model Merge by Design Space Exploration},
  OPTeditor    = {Perdita Stevens and Andrzej Wasowski},
  booktitle = {Fundamental Approaches to Software Engineering - 19th International
               Conference, {FASE} 2016, Held as Part of the European Joint Conferences
               on Theory and Practice of Software, {ETAPS} 2016, Eindhoven, The Netherlands,
               April 2-8, 2016, Proceedings},
  series    = {LNCS},
  volume    = {9633},
  publisher = {Springer},
  pages     = {104--121},
  year      = {2016},
  note= {Acceptance rate: 27\%},
  doi =    {10.1007/978-3-662-49665-7_7}
}

@inproceedings{icgt2016,
  author    = {Zolt{\'{a}}n Ujhelyi and
               G{\'{a}}bor Bergmann and
               D{\'{a}}niel Varr{\'{o}}},
  author+an = {1:family=student;3:family=self},
  title     = {Rete Network Slicing for Model Queries},
  OPTeditor    = {Rachid Echahed and Mark Minas},
  booktitle = {Graph Transformation - 9th International Conference, {ICGT} 2016,
               in Memory of Hartmut Ehrig, Held as Part of {STAF} 2016, Vienna, Austria,
               July 5-6, 2016, Proceedings},
  series    = {LNCS},
  volume    = {9761},
  publisher = {Springer},
  pages     = {137--152},
  year      = {2016},
  note    = {Acceptance rate: 42\%},
  doi = {10.1007/978-3-319-40530-8_9}
}

@inproceedings{sofsem2016-invited,
  author    = {D{\'{a}}niel Varr{\'{o}}},
  author+an = {1:family=self},
  title     = {Incremental Queries and Transformations: From Concepts to Industrial
               Applications},
  booktitle = {{SOFSEM} 2016: Theory and Practice of Computer Science - 42nd International
               Conference on Current Trends in Theory and Practice of Computer Science,
               Harrachov, Czech Republic, January 23-28, 2016, Proceedings},
  OPTeditor    = {Rusins Martins Freivalds and
               Gregor Engels and
               Barbara Catania},
  pages     = {51--59},
  series    = {LNCS},
  volume    = {9587},
  publisher = {Springer},
  year      = {2016},
  keywords = {invited},
  note = {Invited paper},
  doi       = {10.1007/978-3-662-49192-8_5},
}

@proceedings{staf2015-ds,
  editor    = {Martin Gogolla and
               Henry Muccini and
               D{\'{a}}niel Varr{\'{o}}},
  author+an = {3:family=self},
  title     = {Proceedings of the Doctoral Symposium at Software Technologies: Applications
               and Foundations 2015 Conference {(STAF} 2015), L'Aquila, Italy, July
               20, 2015},
  series    = {{CEUR} Workshop Proceedings},
  volume    = {1499},
  publisher = {CEUR-WS.org},
  year      = {2015},
  url       = {http://ceur-ws.org/Vol-1499},
}

@inproceedings{gemoc2015,
  author    = {Marsha Chechik and
               Fabiano Dalpiaz and
               Csaba Debreceni and
               Jennifer Horkoff and
               Istv{\'{a}}n R{\'{a}}th and
               Rick Salay and
               D{\'{a}}niel Varr{\'{o}}},
  author+an = {3:family=student;7:family=self},
  keywords = {workshop},
  title     = {Property-Based Methods for Collaborative Model Development},
  booktitle = {Joint Proceedings of the 3rd International Workshop on the Globalization
               Of Modeling Languages and the 9th International Workshop on Multi-Paradigm
               Modeling co-located with {ACM/IEEE} 18th International Conference
               on Model Driven Engineering Languages and Systems, GEMOC+MPM@MoDELS
               2015, Ottawa, Canada, September 28, 2015.},
  series    = {{CEUR} Workshop Proceedings},
  volume    = {1511},
  publisher = {CEUR-WS.org},  
  pages     = {1--7},
  year      = {2015},
  url       = {http://ceur-ws.org/Vol-1511/paper-01.pdf},
}

@inproceedings{ttc2015,
  author    = {G{\'{a}}bor Sz{\'{a}}rnyas and
               Oszk{\'{a}}r Semer{\'{a}}th and
               Istv{\'{a}}n R{\'{a}}th and
               D{\'{a}}niel Varr{\'{o}}},
  author+an = {1:family=student;2:family=student;4:family=self},
  title     = {The {TTC} 2015 Train Benchmark Case for Incremental Model Validation},
  keywords = {workshop},
  booktitle = {Proceedings of the 8th Transformation Tool Contest, a part of the
               Software Technologies: Applications and Foundations {(STAF} 2015)
               federation of conferences, L'Aquila, Italy, July 24, 2015.},
  pages     = {129--141},
  series    = {{CEUR} Workshop Proceedings},
  volume    = {1524},
  publisher = {CEUR-WS.org},
  year      = {2015},
  url       = {http://ceur-ws.org/Vol-1524/paper2.pdf},
}

@inproceedings{icmt2015,
  author    = {G{\'{a}}bor Bergmann and
               Istv{\'{a}}n D{\'{a}}vid and
               {\'{A}}bel Heged{\"{u}}s and
               {\'{A}}kos Horv{\'{a}}th and
               Istv{\'{a}}n R{\'{a}}th and
               Zolt{\'{a}}n Ujhelyi and
               D{\'{a}}niel Varr{\'{o}}},
  author+an = {6:family=student;7:family=self},
  title     = {Viatra 3: {A} Reactive Model Transformation Platform},
  booktitle = {Theory and Practice of Model Transformations - 8th International Conference,
               {ICMT} 2015, Held as Part of {STAF} 2015, L'Aquila, Italy, July 20-21,
               2015. Proceedings},
  pages     = {101--110},
  year      = {2015},
  series    = {LNCS},
  volume    = {9152},
  publisher = {Springer},
  note= {Acceptance rate: 47\%},
  OPTurl       = {http://dx.doi.org/10.1007/978-3-319-21155-8_8},
  doi       = {10.1007/978-3-319-21155-8_8},
}

@inproceedings{icgt2015,
  author    = {M{\'{a}}rton B{\'{u}}r and
               Zolt{\'{a}}n Ujhelyi and
               {\'{A}}kos Horv{\'{a}}th and
               D{\'{a}}niel Varr{\'{o}}},
  author+an = {1:family=student;2:family=student;4:family=self},
  title     = {Local Search-Based Pattern Matching Features in EMF-IncQuery},
  booktitle = {Graph Transformation - 8th International Conference, {ICGT} 2015,
               Held as Part of {STAF} 2015, L'Aquila, Italy, July 21-23, 2015. Proceedings},
  pages     = {275--282},
  series    = {LNCS},
  volume    = {9151},
  publisher = {Springer},
  year      = {2015},
  OPTurl       = {http://dx.doi.org/10.1007/978-3-319-21145-9_18},
  doi       = {10.1007/978-3-319-21145-9_18},
}

@inproceedings{staf2015-project,
  author    = {Dimitrios S. Kolovos and
               Louis M. Rose and
               Richard F. Paige and
               Esther Guerra and
               Jes{\'{u}}s S{\'{a}}nchez Cuadrado and
               Juan de Lara and
               Istv{\'{a}}n R{\'{a}}th and
               D{\'{a}}niel Varr{\'{o}} and
               Gerson Suny{\'{e}} and
               Massimo Tisi},
  author+an = {8:family=self},
  title     = {{MONDO:} Scalable Modelling and Model Management on the Cloud},
  booktitle = {Proceedings of the Projects Showcase, part of the Software Technologies:
               Applications and Foundations 2015 federation of conferences {(STAF}
               2015), L'Aquila, Italy, July 22, 2015.},
  keywords = {workshop},
  series    = {{CEUR} Workshop Proceedings},
  volume    = {1400},
  pages     = {44--53},
  year      = {2015},
  url       = {http://ceur-ws.org/Vol-1400/paper10.pdf},
}
 
@article {ist2015,
 title = {Performance Comparison of Query-based Techniques for Anti-Pattern Detection},
  author+an = {1:family=student;6:family=self},
 author = { Zolt\'{a}n Ujhelyi and G\'{a}bor Sz\H{o}ke and Horv\'{a}th, \'{A}kos and Norbert Istv\'{a}n Csisz\'{a}r and L\'{a}szl\'{o} Vid\'{a}cs and Varr{\'{o}}, D\'{a}niel and Rudolf Ferenc},
journal = {Information {\&} Software Technology},
	volume = {65},
	pages = {147-165},
	year = {2015},
	note = {IF: 1.328}, 
    doi = {10.1016/j.infsof.2015.01.003}
}

@article{scp2015,
  author    = {Zolt{\'{a}}n Ujhelyi and
               G{\'{a}}bor Bergmann and
               {\'{A}}bel Heged{\"{u}}s and
               {\'{A}}kos Horv{\'{a}}th and
               Benedek Izs{\'{o}} and
               Istv{\'{a}}n R{\'{a}}th and
               Zolt{\'{a}}n Szatm{\'{a}}ri and
               D{\'{a}}niel Varr{\'{o}}},
  author+an = {1:family=student;3:family=student;5:family=student;8:family=self},
  title     = {{EMF-IncQuery}: An integrated development environment for live model queries},
  journal   = {Sci. Comput. Program.},
  volume    = {98},
  pages     = {80--99},
  year      = {2015},
  note = {IF: 0.715}, 
  doi = {10.1016/j.scico.2014.01.004},
}

@article {ause2015,
	author = {{\'A}bel Heged{\"u}s and {\'A}kos Horv{\'a}th and D{\'a}niel Varr{\'o}},
	author+an = {1:family=student;3:family=self},
	title = {A model-driven framework for guided design space exploration},
	journal = {Automated Software Engineering},
	year = {2015},
	volume = 22,
	number = 3,
	publisher={Springer},
	pages={399--436},
	note = {IF: 1.240}, 
    doi = {10.1007/s10515-014-0163-1}
}

@inproceedings{pame2015,
  author    = {D{\'{a}}niel Varr{\'{o}}},
  title     = {Patterns and Styles for Incremental Model Transformations},
  booktitle = {Proceedings of the First Workshop on Patterns in Model Engineering,
               {PAME} 2015, co-located with the 3rd International Conference on Software
               Technologies: Applications and Foundations {(STAF} 2015), L'Aquila,
               Italy, July 21, 2015.},
  author+an = {1:family=self},
  pages     = {41--43},
  year      = {2015},
  series    = {{CEUR} Workshop Proceedings},
  volume    = {1657},
  publisher = {CEUR-WS.org},
  keywords = {invited},
  url       = {http://ceur-ws.org/Vol-1657/paper8.pdf},
}

@inproceedings {dasc2014,
	author = {{\'A}kos Horv{\'a}th and {\'A}bel Heged{\"u}s and M{\'a}rton B{\'u}r and D{\'a}niel Varr{\'o} and Rodrigo Rizzi Starr and Samoel Mirachi},
	author+an = {2:family=student;3:family=student;4:family=self},
	title = {Hardware-software allocation specification of IMA systems for early simulation},
	booktitle = {Digital Avionics Systems Conference (DASC)},
	year = {2014},
	month = {10/2014},
	publisher = {IEEE},
    keywords = {other},
	address = {Colorado Spings, Colorado, US}
}


@proceedings{icmt2014,
  editor    = {Di Ruscio, Davide and
               D{\'{a}}niel Varr{\'{o}}},
  author+an = {2:family=self},
  title     = {Theory and Practice of Model Transformations - 7th International Conference,
               {ICMT} 2014, Held as Part of {STAF} 2014, York, UK, July 21-22, 2014.
               Proceedings},
  series    = {LNCS},
  volume    = {8568},
  publisher = {Springer},
  year      = {2014},
  doi       = {10.1007/978-3-319-08789-4},
}

@inproceedings{ase2014,
  author    = {Hani Abdeen and
               D{\'{a}}niel Varr{\'{o}} and
               Houari A. Sahraoui and
               Andr{\'{a}}s Szabolcs Nagy and
               Csaba Debreceni and
               {\'{A}}bel Heged{\"{u}}s and
               {\'{A}}kos Horv{\'{a}}th},
  author+an = {2:family=self;4:family=student;5:family=student;6:family=student},
  title     = {Multi-objective optimization in rule-based design space exploration},
  booktitle = {{ACM/IEEE} International Conference on Automated Software Engineering,
               {ASE} '14, Vasteras, Sweden - September 15 - 19, 2014},
  pages     = {289--300},
  year      = {2014},
  doi       = {10.1145/2642937.2643005},
  note    = {Acceptance rate: 20\%}
}

@inproceedings{oss4mde2014,
  author    = {Zolt{\'{a}}n Micskei and
               Raimund{-}Andreas Konnerth and
               Benedek Horv{\'{a}}th and
               Oszk{\'{a}}r Semer{\'{a}}th and
               Andr{\'{a}}s V{\"{o}}r{\"{o}}s and
               D{\'{a}}niel Varr{\'{o}}},
  author+an = {4:family=student;6:family=self},
  title     = {On Open Source Tools for Behavioral Modeling and Analysis with {fUML} and {Alf}},
  keywords = {workshop},
  booktitle = {Proceedings of the 1st Workshop on Open Source Software for Model
               Driven Engineering co-located with {ACM/IEEE} 17th International Conference
               on Model Driven Engineering Languages {\&} Systems, OSS4MDE@MoDELS
               2014, Valencia, Spain, September 28, 2014.},
  pages     = {31--41},
  year      = {2014},
  url       = {http://ceur-ws.org/Vol-1290/paper3.pdf},
}

@inproceedings{vao2014,
 author = {Debreceni, Csaba and Horv\'{a}th, \'{A}kos and Heged\"{u}s, \'{A}bel and Ujhelyi, Zolt\'{a}n and R\'{a}th, Istv\'{a}n and Varr{\'{o}}, D\'{a}niel},
 author+an = {1:family=student;3:family=student;4:family=student;6:family=self},
 title = {Query-driven Incremental Synchronization of View Models},
 booktitle = {Proceedings of the 2nd Workshop on View-Based, Aspect-Oriented and Orthographic Software Modelling},
  keywords = {workshop},
 series = {VAO '14},
 year = {2014},
 isbn = {978-1-4503-2900-2},
 location = {York, United Kingdom},
 pages = {31:31--31:38},
 articleno = {31},
 numpages = {8},
 doi = {10.1145/2631675.2631677},
 publisher = {ACM},
 address = {New York, NY, USA},
} 


@inproceedings {cmseba2014,
	title = {Graph Query by Example},
    author+an = {2:family=student;4:family=self},
    keywords = {workshop},
	booktitle = {First International Workshop on Combining Modelling with Search- and Example-Based Approaches (CMSEBA 2014)},
	year = {2014},
	month = {09/2014},
	address = {Valencia, Spain},
	url = {http://www.cs.york.ac.uk/es/cmseba/},
	author = {G{\'a}bor Bergmann and {\'A}bel Heged{\"u}s and Gy{\"o}rgy Gerencs{\'e}r and D{\'a}niel Varr{\'o}}
}

@inproceedings{mpm2014,
  author    = {Sebastian J. I. Herzig and
               Benjamin Kruse and
               Federico Ciccozzi and
               Joachim Denil and
               Rick Salay and
               D{\'{a}}niel Varr{\'{o}}},
  author+an = {6:family=self},
  keywords = {workshop},
  title     = {Towards an Approach for Orchestrating Design Space Exploration Problems
               to Fix Multi-Paradigm Inconsistencies},
  booktitle = {Proceedings of the 8th Workshop on Multi-Paradigm Modeling co-located
               with the 17th International Conference on Model Driven Engineering
               Languages and Systems, MPM@MODELS 2014, Valencia, Spain, September
               30, 2014.},
  pages     = {61--66},
  year      = {2014},
  url       = {http://ceur-ws.org/Vol-1237/paper6.pdf},
}

@inproceedings{models2014-stream,
  author    = {Istv{\'{a}}n D{\'{a}}vid and
               Istv{\'{a}}n R{\'{a}}th and
               D{\'{a}}niel Varr{\'{o}}},
 author+an = {3:family=self},
  title     = {Streaming Model Transformations By Complex Event Processing},
  booktitle = {Model-Driven Engineering Languages and Systems - 17th International
               Conference, {MODELS} 2014, Valencia, Spain, September 28 - October
               3, 2014. Proceedings},
  pages     = {68--83},
  year      = {2014},
  doi  = {10.1007/978-3-319-11653-2_5},
}

@inproceedings{models2014-iqd,
  author    = {G{\'{a}}bor Sz{\'{a}}rnyas and
               Benedek Izs{\'{o}} and
               Istv{\'{a}}n R{\'{a}}th and
               D{\'{e}}nes Harmath and
               G{\'{a}}bor Bergmann and
               D{\'{a}}niel Varr{\'{o}}},
  author+an = {1:family=student;2:family=student;6:family=self},
  title     = {{IncQuery-D}: {A} Distributed Incremental Model Query Framework in the
               Cloud},
  booktitle = {Model-Driven Engineering Languages and Systems - 17th International
               Conference, {MODELS} 2014, Valencia, Spain, September 28 - October
               3, 2014. Proceedings},
  pages     = {653--669},
  year      = {2014},
  doi = {10.1007/978-3-319-11653-2_40},
}

@inproceedings{sle2014,
  author    = {Maris Jukss and
               Clark Verbrugge and
               D{\'{a}}niel Varr{\'{o}} and
               Hans Vangheluwe},
  author+an = {3:family=self},
  title     = {Dynamic Scope Discovery for Model Transformations},
  booktitle = {Software Language Engineering - 7th International Conference, {SLE}
               2014, V{\"{a}}ster{\aa}s, Sweden, September 15-16, 2014. Proceedings},
  pages     = {302--321},
  year      = {2014},
  doi       = {10.1007/978-3-319-11245-9_17},
  note = {Acceptance rate = 30\%}
}

@inproceedings{bigmde2014,
  author    = {Benedek Izs{\'{o}} and
               G{\'{a}}bor Sz{\'{a}}rnyas and
               Istv{\'{a}}n R{\'{a}}th and
               D{\'{a}}niel Varr{\'{o}}},
  author+an = {1:family=student;2:family=student;4:family=self},
  title     = {{MONDO-SAM:} {A} Framework to Systematically Assess {MDE} Scalability},
  keywords = {workshop},
  booktitle = {Proceedings of the 2nd Workshop on Scalability in Model Driven Engineering
               co-located with the Software Technologies: Applications and Foundations
               Conference, BigMDE@STAF2014, York, UK, July 24, 2014.},
  pages     = {40--43},
  year      = {2014},
  url       = {http://ceur-ws.org/Vol-1206/paper_12.pdf},
}

@inproceedings{csmr2014,
 author = { Zolt\'{a}n Ujhelyi and Horv\'{a}th, \'{A}kos and Varr{\'{o}}, D\'{a}niel and Norbert Istv\'{a}n Csisz\'{a}r and G\'{a}bor Sz\H{o}ke and L\'{a}szl\'{o} Vid\'{a}cs and Rudolf Ferenc},
  author+an = {1:family=student;3:family=self},
 title = {Anti-pattern Detection with Model Queries: A Comparison of Approaches},
 doi = {10.1109/CSMR-WCRE.2014.6747181},
 booktitle = {Proceedings of IEEE CSMR-WCRE 2014: Software Evolution Week},
 year = {2014},
 location = {Antwerp, Belgium},
 publisher = {IEEE},
 note= {\textbf{Best Paper Award}},
} 

@inproceedings{models2013,
  author    = {Oszk{\'a}r Semer{\'a}th and
               {\'A}kos Horv{\'a}th and
               D{\'a}niel Varr{\'o}},
  author+an = {1:family=student;3:family=self},
  title     = {Validation of Derived Features and Well-Formedness Constraints
               in {DSLs} - By Mapping Graph Queries to an {SMT}-Solver},
  booktitle     = {Proceedings of MODELS 2013: Model-Driven Engineering Languages and Systems - 16th International
               Conference},
  OPTeditor    = {Ana Moreira and
               Bernhard Sch{\"a}tz and
               Jeff Gray and
               Antonio Vallecillo and
               Peter J. Clarke},
  series    = {LNCS},
  volume    = {8107},
  year      = {2013},
  pages     = {538-554},
  note   = {Acceptance rate = 25\%, \textbf{Springer Best Paper Award}},
  doi = {10.1007/978-3-642-41533-3_33}
}

@inproceedings{Kolovos-bigmde2013,
 author = {Kolovos, Dimitrios S. and Rose, Louis M. and Matragkas, Nicholas and Paige, Richard F. and Guerra, Esther and Cuadrado, Jes\'{u}s S\'{a}nchez and De Lara, Juan and R\'{a}th, Istv\'{a}n and Varr{\'{o}}, D\'{a}niel and Tisi, Massimo and Cabot, Jordi},
 author+an = {9:family=self},
 title = {A Research Roadmap Towards Achieving Scalability in Model Driven Engineering},
  keywords = {workshop},
 booktitle = {Proceedings of the Workshop on Scalability in Model Driven Engineering},
 series = {BigMDE '13},
 year = {2013},
 isbn = {978-1-4503-2165-5},
 location = {Budapest, Hungary},
 pages = {2:1--2:10},
 articleno = {2},
 numpages = {10},
 doi = {10.1145/2487766.2487768},
 publisher = {ACM},
 address = {New York, NY, USA},
} 

@inproceedings{Daboczi-AWSN2013,
 author = {Tam\'{a}s Dab\'oczi and Andr\'{a}s Pataricza and  Gy\"{o}rgy Strausz and Varr{\'{o}}, D\'{a}niel},
 author+an = {4:family=self},
 title = {Next Generation Embedded Systems},
 booktitle = {Conference on Advances in Wireless Sensor Networks (AWSN 2013)},
 year = 2013,
 pages = {47-52},
 keywords = {other},
 location = {Debrecen, Hungary},
}


@inproceedings{Izso-bigmde2013,
 author = {Izs\'{o}, Benedek and Sz\'{a}rnyas, G\'{a}bor and R\'{a}th, Istv\'{a}n and Varr{\'{o}}, D\'{a}niel},
 author+an = {1:family=student;2:family=student;4:family=self},
 title = {IncQuery-D: Incremental Graph Search in the Cloud},
  keywords = {workshop},
 booktitle = {Proceedings of the Workshop on Scalability in Model Driven Engineering},
 series = {BigMDE '13},
 year = {2013},
 isbn = {978-1-4503-2165-5},
 location = {Budapest, Hungary},
 pages = {4:1--4:4},
 articleno = {4},
 numpages = {4},
 doi = {10.1145/2487766.2487772},
 publisher = {ACM},
 address = {New York, NY, USA},
} 


@inproceedings{ocl2012,
 author = {Izs\'{o}, Benedek and Szatm\'{a}ri, Zolt\'{a}n and Bergmann, G\'{a}bor and Horv\'{a}th, \'{A}kos and R\'{a}th, Istv\'{a}n and Varr{\'{o}}, D\'{a}niel},
 author+an = {1:family=student;3:family=student;4:family=student;6:family=self},
 title = {Ontology driven design of {EMF} metamodels and well-formedness constraints},
 booktitle = {Proceedings of the 12th Workshop on OCL and Textual Modelling},
 series = {OCL 2012},
 year = {2012},
 location = {Innsbruck, Austria},
 pages = {37--42},
 keywords = {workshop},
 doi = {10.1145/2428516.2428523},
 publisher = {ACM},
 address = {New York, NY, USA}
} 

@inproceedings{amt2012-query,
 author = {Ujhelyi, Zolt\'{a}n and Szab\'{o}, Tam\'{a}s and R\'{a}th, Istv\'{a}n and Varr{\'{o}}, D\'{a}niel},
 author+an = {1:family=student;4:family=self},
 title = {Developing and visualizing live model queries},
 booktitle = {Proceedings of the First Workshop on the Analysis of Model Transformations},
 series = {AMT '12},
 year = {2012},
 location = {Innsbruck, Austria},
 pages = {35--40},
 keywords = {workshop},
 doi = {10.1145/2432497.2432505},
 publisher = {ACM},
 address = {New York, NY, USA}
} 

@proceedings{fase2013,
  editor    = {Vittorio Cortellessa and 
               D\'aniel Varr\'o},
  author+an = {2:family=self},
  title     = {FASE 2013: Fundamental Approaches to Software Engineering, Rome, Italy, March 18-22, 2013},
  publisher = {Springer},
    series    = {LNCS},
    year      = {2013},
}


@proceedings{amt2012,
  editor    = {J\"urgen Dingel and Levi L\'ucio and Hans Vangheluwe and D\'aniel Varr\'o},
  author+an = {4:family=self},
  title     = {AMT 2012: 1st Workshop on Analysis of Model Transformations (Satellite event of MODELS 2012), Innsbruck, Austria, October 2, 2012},
  publisher = {ACM},
    year      = {2012},
}

@proceedings{agtive2011,
  editor    = {Andy Sch\"urr and 
               D\'aniel Varr\'o and Gergely Varr\'o},
  author+an = {2:family=self},
  title     = {AGTIVE 2011: International Symposium on 
Applications of Graph Transformation With Industrial Relevance 
Budapest, Hungary, October 4-7, 2011},
  publisher = {Springer},
    series    = {LNCS},
    volume = {7233},
    year      = {2012},
}

@inproceedings{csmr2012-invited,
  author    = {D{\'a}niel Varr{\'o}},
  author+an = {1:family=self},
  title     = {Keynote 2: A Bridge Over Troubled Water - Synergies between
               Model Transformation and Software Maintenance Techniques},
  editor    = {Tom Mens and
               Anthony Cleve and
               Rudolf Ferenc},
  booktitle     = {16th European Conference on Software Maintenance and Reengineering,
               CSMR 2012, Szeged, Hungary, March 27-30, 2012},
  publisher = {IEEE},
  year      = {2012},
  pages     = {5-6},
  keywords = {invited},
  note        = {\textbf{Keynote talk}},
  doi = {10.1109/CSMR.2012.10}
}

@inproceedings {models2012,
	title = {Query-driven soft interconnection of {EMF} models},
	booktitle = {ACM/IEEE 15th International Conference  on Model Driven Engineering Languages \& Systems},
	year = {2012},
     pages = {134-150},
	note = {Acceptance rate: 23\%},
     doi = {10.1007/978-3-642-33666-9_10},
    series    = {LNCS},
	publisher = {Springer},
	address = {Innsbruck, Austria},
	 author+an = {1:family=student;2:family=student;4:family=self},
	author = {{\'A}bel Heged{\"u}s and {\'A}kos Horv{\'a}th and Istv{\'a}n R{\'a}th and D{\'a}niel Varr{\'o}}
}


@article {sosym2012-tools,
   author = {Paige, Richard and Varr{\'o}, D\'aniel},
   author+an = {2:family=self},
   title = {Lessons learned from building model-driven development tools},
   journal = {Software and Systems Modeling},
   publisher = {Springer Berlin / Heidelberg},
   issn = {1619-1366},
   volume = 11,
   issue = 4,
   year = 2012,
   pages = {527-539},
   note = {Expert's voice, IF: 1.25},
   doi = {10.1007/s10270-012-0257-9},
}

@inproceedings{ecmfa2012,
  author    = {Istv{\'a}n R{\'a}th and
               {\'A}bel Heged{\"u}s and
               D{\'a}niel Varr{\'o}},
  author+an = {2:family=student;3:family=self},
  title     = {Derived Features for {EMF} by Integrating Advanced Model Queries},
  OPTeditor    = {Antonio Vallecillo and
               Juha-Pekka Tolvanen and
               Ekkart Kindler and
               Harald St{\"o}rrle and
               Dimitrios S. Kolovos},
  booktitle     = {Modelling Foundations and Applications - 8th European Conference,
               ECMFA 2012, Kgs. Lyngby, Denmark, July 2-5, 2012. Proceedings},
  publisher = {Springer},
  series    = {LNCS},
  volume    = {7349},
  year      = {2012},
  pages     = {102-117},
  doi       = {10.1007/978-3-642-31491-9_10},
}

@inproceedings {icgt2012-ts,
	title = {Incremental pattern matching for the efficient computation of transitive closure},
	booktitle = {Sixth International Conference on Graph Transformation},
	year = {2012},
    publisher = {Springer},
    series    = {LNCS},
    month = {09/2012},
	address = {Bremen, Germany },
    doi       = {10.1007/978-3-642-33654-6_26},
    pages = {386-400},
	 author+an = {1:family=student;5:family=self},
	author = {G{\'a}bor Bergmann and Istv{\'a}n R{\'a}th and Tam{\'a}s Szab{\'o} and Paolo Torrini and D{\'a}niel Varr{\'o}}
}


@inproceedings{icst2012,
  author    = {Zolt{\'a}n Ujhelyi and
               {\'A}kos Horv{\'a}th and
               D{\'a}niel Varr{\'o}},
 author+an = {1:family=student;2:family=student;3:family=self},
  title     = {Dynamic Backward Slicing of Model Transformations},
  OPTeditor    = {Giuliano Antoniol and
               Antonia Bertolino and
               Yvan Labiche},
  booktitle     = {IEEE Fifth International Conference on Software Testing,
               Verification and Validation (ICST 2012), Montreal, QC, Canada, April
               17-21, 2012},
  publisher = {IEEE},
  year      = {2012},
  pages     = {1-10},
  note = {Acceptance rate = 27\%},
  doi = {10.1109/ICST.2012.80}
}

@inproceedings{tools2012,
  author    = {G{\'a}bor Bergmann and
               {\'A}bel Heged{\"u}s and
               {\'A}kos Horv{\'a}th and
               Istv{\'a}n R{\'a}th and
               Zolt{\'a}n Ujhelyi and
               D{\'a}niel Varr{\'o}},
  author+an = {1:family=student;2:family=student;3:family=student;5:family=student;6:family=self},
  title     = {Integrating Efficient Model Queries in State-of-the-Art {EMF} Tools},
  booktitle     = {Objects, Models, Components, Patterns - 50th International
               Conference, TOOLS 2012, Prague, Czech Republic, May 29-31,
               2012. Proceedings},
  OPTeditor    = {Carlo A. Furia and
               Sebastian Nanz},
  publisher = {Springer},
  series    = {LNCS},
  volume    = {7304},
  year      = {2012},
  pages     = {1-8},
  doi = {10.1007/978-3-642-30561-0_1},
}

@inproceedings{vlhcc2011,
  author    = {{\'A}bel Heged{\"u}s and
               {\'A}kos Horv{\'a}th and
               Istv{\'a}n R{\'a}th and
               Mois{\'e}s Castelo Branco and
               D{\'a}niel Varr{\'o}},
 author+an = {1:family=student;2:family=student;3:family=student;5:family=self},
  title     = {Quick fix generation for {DSMLs}},
  OPTeditor    = {Gennaro Costagliola and
               Andrew Jensen Ko and
               Allen Cypher and
               Jeffrey Nichols and
               Christopher Scaffidi and
               Caitlin Kelleher and
               Brad A. Myers},
  booktitle     = {2011 IEEE Symposium on Visual Languages and Human-Centric
               Computing, VL/HCC 2011, Pittsburgh, PA, USA, September 18-22,
               2011},
  publisher = {IEEE},
  year      = {2011},
  pages     = {17-24},
  doi        = {10.1109/VLHCC.2011.6070373},
}

@article{eceasst2010-guided,
  author    = {{\'A}bel Heged{\"u}s and
               {\'A}kos Horv{\'a}th and
               D{\'a}niel Varr{\'o}},
  author+an = {1:family=student;2:family=student;3:family=self},
  title     = {Towards Guided Trajectory Exploration of Graph Transformation
               Systems},
  journal   = {ECEASST},
  volume    = {40},
  year      = {2010},
  url        = {http://journal.ub.tu-berlin.de/eceasst/article/view/583},
  bibsource = {DBLP, http://dblp.uni-trier.de}
}


@article{eceasst2011-type,
  author    = {Zolt{\'a}n Ujhelyi and
               {\'A}kos Horv{\'a}th and
               D{\'a}niel Varr{\'o}},
  author+an = {1:family=student;2:family=student;3:family=self},
  title     = {Static Type Checking of Model Transformation Programs},
  journal   = {ECEASST},
  volume    = {38},
  year      = {2011},
  url        = {http://journal.ub.tu-berlin.de/eceasst/article/view/567},
  bibsource = {DBLP, http://dblp.uni-trier.de}
}

@incollection{sensoria-uml,
  author    = {Howard Foster and
               L{\'a}szl{\'o} G{\"o}nczy and
               Nora Koch and
               Philip Mayer and
               Carlo Montangero and
               D{\'a}niel Varr{\'o}},
  author+an = {2:family=student;6:family=self},
  title     = {{UML} Extensions for Service-Oriented Systems},
  editor    = {Martin Wirsing and
               Matthias M. H{\"o}lzl},
  booktitle     = {Rigorous Software Engineering for Service-Oriented Systems
               - Results of the SENSORIA Project on Software Engineering
               for Service-Oriented Computing},
  year      = {2011},
  pages     = {35-60},
  publisher = {Springer},
  series    = {LNCS},
  volume    = {6582},
  doi        = {10.1007/978-3-642-20401-2_4}
}

@inproceedings{ase2011-dse,
  author    = {{\'A}bel Heged{\"u}s and
               {\'A}kos Horv{\'a}th and
               Istv{\'a}n R{\'a}th and
               D{\'a}niel Varr{\'o}},
  author+an = {1:family=student;2:family=student;3:family=student;4:family=self},
  title     = {A model-driven framework for guided design space exploration},
  OPTeditor    = {Perry Alexander and
               Corina S. Pasareanu and
               John G. Hosking},
  booktitle     = {26th IEEE/ACM International Conference on Automated Software
               Engineering (ASE 2011),  November 6-10},
  year      = {2011},
  address   = {Lawrence, KS, USA},
  publisher = {IEEE},
  pages     = {173-182},
  doi        = {10.1109/ASE.2011.6100051},
  note      = {Acceptance rate: 16\%, \textbf{ACM Distinguished Paper Award}},
}

@inproceedings{ase2011-mtslice,
  author    = {Zolt{\'a}n Ujhelyi and
               {\'A}kos Horv{\'a}th and
               D{\'a}niel Varr{\'o}},
  author+an = {1:family=student;2:family=student;3:family=self},
  title     = {Towards dynamic backward slicing of model transformations},
  OPTeditor    = {Perry Alexander and
               Corina S. Pasareanu and
               John G. Hosking},
  booktitle     = {26th IEEE/ACM International Conference on Automated Software
               Engineering (ASE 2011),  November 6-10},
  publisher = {IEEE},
  year      = {2011},
  address   = {Lawrence, KS, USA},  
  pages     = {404-407},
  doi        = {10.1109/ASE.2011.6100084},
  note      = {Acceptance rate: 32\%},
}

@inproceedings{ase2011-tool,
  author    = {G{\'a}bor Bergmann and
               {\'A}bel Heged{\"u}s and
               {\'A}kos Horv{\'a}th and
               Istv{\'a}n R{\'a}th and
               Zolt{\'a}n Ujhelyi and
               D{\'a}niel Varr{\'o}},
  author+an = {1:family=student;2:family=student;3:family=student;4:family=student;5:family=student;6:family=self},
  title     = {Implementing efficient model validation in {EMF} tools},
  OPTeditor    = {Perry Alexander and
               Corina S. Pasareanu and
               John G. Hosking},
  booktitle     = {26th IEEE/ACM International Conference on Automated Software
               Engineering (ASE 2011),  November 6-10},
  publisher = {IEEE},
  year = 2011,
  pages     = {580-583},
  doi        = {10.1109/ASE.2011.6100130},
}

@inproceedings{caise2011,
  author    = {G{\'a}bor Bergmann and
               Fabio Massacci and
               Federica Paci and
               Thein Than Tun and
               D{\'a}niel Varr{\'o} and
               Yijun Yu},
  author+an = {1:family=student;5:family=self},
  title     = {A Tool for Managing Evolving Security Requirements},
  OPTeditor    = {Selmin Nurcan},
  booktitle     = {Proceedings of the CAiSE Forum 2011, London, UK, June 22-24,
               2011},
  year      = {2011},
  publisher = {CEUR-WS.org},
  pages     = {49-56},
  url        = {http://ceur-ws.org/Vol-734/PaperDemo07.pdf},
}

@inbook {caise2011-revised,
	title = {A Tool for Managing Evolving Security Requirements},
	booktitle = {IS Olympics: Information Systems in a Diverse World},
	series = {Lecture Notes in Business Information Processing},
	volume = {107},
	year = {2012},
	pages = {110--125},
	publisher = {Springer Berlin Heidelberg},
    doi       = {10.1007/978-3-642-29749-6_8},
	author = {G{\'a}bor Bergmann and Fabio Massacci and Federica Paci and Tun, Thein Than and D{\'a}niel Varr{\'o} and Yijun Yu},
    author+an = {1:family=student;5:family=self},
	OPTeditor = {Selmin Nurcan and van der Aalst, Wil and Mylopoulos, John and Rosemann, Michael and Shaw, Michael J. and Szyperski, Clemens},
}

@inproceedings{ecmfa2011,
  author    = {G{\'a}bor Bergmann and
               {\'A}kos Horv{\'a}th and
               Istv{\'a}n R{\'a}th and
               D{\'a}niel Varr{\'o}},
  title     = {Incremental Evaluation of Model Queries over {EMF} Models:
               A Tutorial on {EMF-IncQuery}},
  author+an = {1:family=student;2:family=student;3:family=student;4:family=self},
  OPTeditor    = {Robert B. France and
               Jochen Malte K{\"u}ster and
               Behzad Bordbar and
               Richard F. Paige},
  booktitle     = {Modelling Foundations and Applications - 7th European Conference,
               ECMFA 2011, Birmingham, UK, June 6 - 9, 2011 Proceedings},
  year      = {2011},
  doi       = {10.1007/978-3-642-21470-7_32},
  publisher = {Springer},
  series    = {LNCS},
  volume    = {6698},  
  pages     = {389-390},
  ee        = {http://dx.doi.org/10.1007/978-3-642-21470-7_32},
}

@inproceedings{ServiceWave2011,
  author    = {G{\'a}bor Bergmann and
               Fabio Massacci and
               Federica Paci and
               Thein Than Tun and
               D{\'a}niel Varr{\'o} and
               Yijun Yu},
  author+an = {1:family=student;5:family=self},
  title     = {{SeCMER}: A Tool to Gain Control of Security Requirements
               Evolution},
  OPTeditor    = {Witold Abramowicz and
               Ignacio Mart\'{\i}n Llorente and
               Mike Surridge and
               Andrea Zisman and
               Julien Vayssi{\`e}re},
  booktitle     = {Towards a Service-Based Internet - 4th European Conference,
               ServiceWave 2011, Poznan, Poland, October 26-28, 2011. Proceedings},
  publisher = {Springer},
  series    = {LNCS},
  volume    = {6994},               
  year      = {2011},
  pages     = {321-322},
  doi        = {10.1007/978-3-642-24755-2_35},
}


@INCOLLECTION{nagl65-2010,
  author = {Andr{\'a}s Balogh and G{\'a}bor Bergmann and Gy{\"o}rgy Csert{\'a}n
	and L{\'a}szl{\'o} G{\"o}nczy and {\'A}kos Horv{\'a}th and Istv{\'a}n
	Majzik and Andr{\'a}s Pataricza and Bal{\'a}zs Polg{\'a}r and Istv{\'a}n
	R{\'a}th and D{\'a}niel Varr{\'o} and Gergely Varr\'o},
  author+an = {1:family=student;2:family=student;4:family=student;5:family=student;9:family=student;10:family=self},
  title = {Workflow-Driven Tool Integration Using Model Transformations},
  booktitle = {Graph Transformations and Model-Driven Engineering - Essays Dedicated
	to Manfred Nagl on the Occasion of his 65th Birthday},
  publisher = {Springer},
  year = {2010},
  editor = {Gregor Engels and Claus Lewerentz and Wilhelm Sch{\"a}fer and Andy
	Sch{\"u}rr and Bernhard Westfechtel},
  volume = {5765},
  series = {LNCS},
  pages = {224-248},
  owner = {varro},
  timestamp = {2010.11.28}
}

@INPROCEEDINGS{ecmda05-viatra,
  author = {Andr{\'a}s Balogh and Attila N\'emeth and Andr\'as Schmidt and Istv\'an
	Rath and D\'avid V\'ag\'o and D{\'a}niel Varr{\'o} and Andr{\'a}s
	Pataricza},
  title = {The {VIATRA2} Model Transformation Framework},
  year = {2005},
  note = {Presented at ECMDA 2005 -- Tools Track}
}

@INPROCEEDINGS{cmt2006,
  author = {Andr{\'a}s Balogh and D{\'a}niel Varr{\'o}},
  author+an = {1:family=student;2:family=self},
  title = {Pattern Composition in Graph Transformation Rules},
  booktitle = {European Workshop on Composition of Model Transformations},
  year = {2006},
  address = {Bilbao, Spain},
  month = {July},
  keywords = {workshop},
  OPTurl = {http://www.mit.bme.hu/~varro/publication/2006/cmt2006_bv.pdf}
}

@INPROCEEDINGS{sac06-vtcl,
  author = {Andr{\'a}s Balogh and D{\'a}niel Varr{\'o}},
  author+an = {1:family=student;2:family=self},
  title = {Advanced Model Transformation Language Constructs in the {VIATRA2}
	Framework},
  booktitle = {ACM Symposium on Applied Computing --- Model Transformation Track
	(SAC 2006)},
  year = {2006},
  pages = {1280--1287},
  address = {Dijon, France},
  month = {April},
  publisher = {ACM Press},
  note = {Acceptance rate = 32\%},
  OPTurl = {http://www.inf.mit.bme.hu/FTSRG/Publications/varro/2006/sac2006_vtcl.pdf}
}

@INPROCEEDINGS{isas05-bvp,
  author = {Andr{\'a}s Balogh and Gergely Varr\'o and D{\'a}niel Varr{\'o}
	and Andr{\'a}s Pataricza},
  author+an = {1:family=student;3:family=self},
  title = {Model-Based Optimization of Enterprise Application and Service Deployment},
  booktitle = {Second International Service Availability Symposium, ISAS 2005, Berlin,
	Germany, April 25-26},
  year = {2005},
  OPTeditor = {Malek, Miroslaw and Nett, Edgar and Suri, Neeraj},
  volume = {3694},
  series = {LNCS},
  pages = {84--98},
  publisher = {Springer},
  OPTurl = {http://www.inf.mit.bme.hu/FTSRG/Publications/varro/2005/isas2005_bvp.pdf}
}

@INPROCEEDINGS{sac06-plugin,
  author = {Andr{\'a}s Balogh and Gergely Varr\'o and D{\'a}niel Varr{\'o}
	and Andr{\'a}s Pataricza},
  author+an = {1:family=student;3:family=self},
  title = {Compiling Model Transformations to {EJB3}-Specific Transformer Plugins},
  booktitle = {ACM Symposium on Applied Computing --- Model Transformation Track
	(SAC 2006)},
  year = {2006},
  pages = {1288-1295},
  address = {Dijon, France},
  month = {April},
  publisher = {ACM Press},
  note = {Acceptance rate = 32\%},
  OPTurl = {http://www.inf.mit.bme.hu/FTSRG/Publications/varro/2006/sac2006_plugin.pdf}
}

@ARTICLE{sosym2008-mtbe,
  author = {Zolt{\'a}n Balogh and D{\'a}niel Varr{\'o}},
  author+an = {1:family=student;2:family=self},
  title = {Model Transformation by Example Using Inductive Logic Programming},
  journal = {Software and Systems Modeling},
  year = {2009},
  volume = {8},
  pages = {347-364},
  number = {3},
  note = {IF: 1.533},
  doi = {10.1007/s10270-008-0092-1}
}

@INPROCEEDINGS{cbse03-bhtv,
  author = {Luciano Baresi and Reiko Heckel and Sebastian Th{\"o}ne and D{\'a}niel
	Varr{\'o}},
  author+an = {4:family=self},
  title = {Modeling and Analysis of Architectural Styles Based on Graph Transformation},
  booktitle = {The 6th ICSE Workshop on Component Based Software Engineering: Automated
	Reasoning and Prediction},
  year = {2003},
  OPTeditor = {I. Crnkovic and H. Schmidt and J. Stafford and K. Wallnau},
  pages = {67--72},
  address = {Portland, Oregon, USA},
  month = {May 3-4},
  keywords = {workshop},
  publisher = {Carnegie Mellon University, USA, and Monash University, Australia},
  OPTurl = {http://www.inf.mit.bme.hu/FTSRG/Publications/varro/2003/cbse2003_bhtv.pdf}
}

@INPROCEEDINGS{esec03-bhtv,
  author = {Luciano Baresi and Reiko Heckel and Sebastian Th{\"o}ne and D{\'a}niel
	Varr{\'o}},
  author+an = {4:family=self},
  title = {Modeling and Analysis of Architectural Styles},
  booktitle = {Proc ESEC 2003: 9th European Software Engineering Conference},
  year = {2003},
  OPTeditor = {P. Inverardi and J. Paakki},
  pages = {68--77},
  address = {Helsinki, Finland},
  month = {September},
  publisher = {ACM Press},
  note = {Acceptance rate = 20\%},
  OPTurl = {http://www.inf.mit.bme.hu/FTSRG/Publications/varro/2003/esec2003_bhtv.pdf}
}

@ARTICLE{sosym2005-bhtv,
  author = {Luciano Baresi and Reiko Heckel and Sebastian Th{\"o}ne and D{\'a}niel
	Varr{\'o}},
  author+an = {4:family=self},
  title = {Style-Based Modeling and Refinement of Service-Oriented Architectures},
  journal = {Software and Systems Modelling},
  year = {2006},
  volume = {5},
  pages = {187--207},
  number = {2},
  month = {June},
  OPTurl = {http://www.inf.mit.bme.hu/FTSRG/Publications/varro/2005/sosym2005_wicsa_bhtv.pdf}
}

@INPROCEEDINGS{wicse2004-bhtv,
  author = {Luciano Baresi and Reiko Heckel and Sebastian Th{\"o}ne and D{\'a}niel
	Varr{\'o}},
  author+an = {4:family=self},
  title = {Style-Based Refinement of Dynamic Software Architectures},
  booktitle = {Proc. WICSA 2004: 4th Working International IEEE/IFIP Conference
	on Software Architecture},
  year = {2004},
  pages = {155-164},
  address = {Oslo, Norway},
  publisher = {IEEE Computer Society},
  note = {Acceptance rate = 30\%},
  OPTurl = {http://www.inf.mit.bme.hu/FTSRG/Publications/varro/2004/wicsa2004_bhtv.pdf}
}

@ARTICLE{sosym2011-cdt,
  author = {G\'abor Bergmann and Istv\'an R\'ath and Gergely Varr\'o and D\'aniel
	Varr{\'o}},
  author+an = {1:family=student;2:family=student;4:family=self},
  title = {Change-Driven Model Transformations: Change (in) the Rule to Rule
	the Change},
  journal = {Software and Systems Modeling},
  year = {2012},
  volume = {11},
  number = {3},
  pages = {431-461},
  note = {IF: 1.29}, 
  doi = {10.1007/s10270-011-0197-9},
}

@INPROCEEDINGS{icmt2011,
  author = {G\'abor Bergmann and Zolt\'an Ujhelyi and Istv\'an R\'ath and D\'aniel
	Varr{\'o}},
  author+an = {1:family=student;2:family=student;3:family=student;4:family=self},
  title = {A Graph Query Language for {EMF} Models},
  booktitle = {Proc. International Conference on Model Transformation},
  year = {2011},
  doi       = {10.1007/978-3-642-21732-6_12},
  series = {LNCS},
  volume = {6707},
  pages = {167-182},
  publisher = {Springer},
  note = {Acceptance rate: 27\%},
}

@INPROCEEDINGS{gramot08-borvv,
  author = {G{\'a}bor Bergmann and Andr{\'a}s {\"O}kr{\"o}s and Istv{\'a}n R{\'a}th
	and D{\'a}niel Varr{\'o} and Gergely Varr\'o},
  author+an = {1:family=student;3:family=student;4:family=self},
  title = {Incremental pattern matching in the {VIATRA} model transformation
	system},
  booktitle = {Proc. Graph and Model Transformations (GRAMOT 2008)},
  year = {2008},
  editor = {Gabor Karsai and Gabriele Taentzer},
  publisher = {ACM},
  keywords = {workshop},
  location = {Leipzig, Germany, May 12, 2008},
  OPTurl = {http://www.mit.bme.hu/~varro/publication/2008/gramot08-borvv.pdf}
}

@INCOLLECTION{SENSORIABook:AdvancesInGT,
  author = {G{\'a}bor Bergmann and Artur Boronat and Reiko Heckel and Paolo Torrini
	and Istv{\'a}n R{\'a}th and D{\'a}niel Varr{\'o}},
  author+an = {1:family=student;5:family=student;6:family=self},
  title = {Advances in model transformation by graph transformations: Specification,
	Analysis and Execution},
  booktitle = {Rigorous Software Engineering for Service-Oriented Systems 
                    - Results of the SENSORIA Project on Software Engineering
                     for Service-Oriented Computing},
  publisher = {Springer},
  year = {2011},
  pages = {561-584},
  editor = {M. Wirsing and M. H\"olzl},
  volume = {6582},
  series = {LNCS},
  doi       = {10.1007/978-3-642-20401-2_27}
}

@INPROCEEDINGS{icgt08-bhrv,
  author = {G{\'a}bor Bergmann and {\'A}kos Horv{\'a}th and Istv{\'a}n R{\'a}th
	and D{\'a}niel Varr{\'o}},
  author+an = {1:family=student;2:family=student;3:family=student;4:family=self},
  title = {A Benchmark Evaluation of Incremental Pattern Matching in Graph Transformation},
  booktitle = {Proc. 4th International Conference on Graph Transformations, ICGT
	2008},
  year = {2008},
  OPTeditor = {Hartmut Ehrig and Reiko Heckel and Grzegorz Rozenberg and Gabriele
	Taentzer},
  volume = {5214},
  series = {LNCS},
  pages = {396-410},
  publisher = {Springer},
  note = {Acceptance rate = \~40\%},
  doi = {10.1007/978-3-540-87405-8_27},
  OPTurl = {http://dx.doi.org/10.1007/978-3-540-87405-8_27},
  location = {Leicester, United Kingdom, September 7-13, 2008}
}

@INPROCEEDINGS{Bergmann-icmt09,
  author = {G{\'a}bor Bergmann and {\'A}kos Horv{\'a}th and Istv{\'a}n R{\'a}th
	and D{\'a}niel Varr{\'o}},
  author+an = {1:family=student;2:family=student;3:family=student;4:family=self},
  title = {Efficient Model Transformations by Combining Pattern Matching Strategies},
  booktitle = {Theory and Practice of Model Transformations, Second International
	Conference, ICMT 2009, Zurich, Switzerland, June 29-30, 2009. Proceedings},
  year = {2009},
  OPTeditor = {Richard F. Paige},
  volume = {5563},
  series = {LNCS},
  pages = {20-34},
  publisher = {Springer},
  note = {Acceptance rate = 22\%},
  doi = {10.1007/978-3-642-02408-5_3}
}

@ARTICLE{Bergmann-sttt10,
  author = {G{\'a}bor Bergmann and {\'A}kos Horv{\'a}th and Istv{\'a}n R{\'a}th
	and D{\'a}niel Varr{\'o}},
  author+an = {1:family=student;2:family=student;3:family=student;4:family=self},
  title = {Experimental Assessment of Combining Pattern Matching Strategies
	with {VIATRA2}},
  journal = {Software Tools for Technology Transfer},
  year = {2010},
  volume = {12},
  pages = {211-230},
  number = {3-4},
  doi = {10.1007/s10009-010-0149-7},
  publisher = {Springer}
}

@INPROCEEDINGS{models-2010-incquery,
  author = {G{\'a}bor Bergmann and {\'A}kos Horv{\'a}th and Istv{\'a}n R{\'a}th
	and D{\'a}niel Varr{\'o} and Andr{\'a}s Balogh and Zoltan Balogh
	and Andr{\'a}s {\"O}kr{\"o}s},
  author+an = {1:family=student;2:family=student;3:family=student;4:family=self},
  title = {Incremental Evaluation of Model Queries over {EMF} Models},
  booktitle = {Model Driven Engineering Languages and Systems - 13th International
	Conference, MODELS 2010, Oslo, Norway, October 3-8, 2010, Proceedings,
	Part I},
  year = {2010},
  OPTeditor = {Dorina C. Petriu and Nicolas Rouquette and {\O}ystein Haugen},
  volume = {6394},
  series = {LNCS},
  pages = {76-90},
  publisher = {Springer},
  note = {Acceptance rate: 21\%},
  doi = {10.1007/978-3-642-16145-2_6},
  owner = {varro},
  timestamp = {2010.11.28}
}

@ARTICLE{Bergmann-gtvmt09,
  author = {G{\'a}bor Bergmann and Istv{\'a}n R{\'a}th and D{\'a}niel Varr{\'o}},
  author+an = {1:family=student;2:family=student;3:family=self},
  title = {Parallelization of Graph Transformation Based on Incremental Pattern
	Matching},
  journal = {Electronic Communications of EASST},
  year = {2009},
  volume = {18},
  url = {http://eceasst.cs.tu-berlin.de/index.php/eceasst/article/view/265/249}
}

@INPROCEEDINGS{models09-edu,
  author = {Jean B{\'e}zivin and Robert France and Martin Gogolla and {\O}ystein
	Haugen and Gabriele Taentzer and D{\'a}niel Varr{\'o}},
  author+an = {6:family=self},
  title = {Teaching Modeling: Why, When, What?},
  booktitle = {Models in Software Engineering, Workshops and Symposia at MODELS
	2009, Denver, CO, USA, October 4-9, 2009, Reports and Revised Selected
	Papers},
  year = {2009},
  OPTeditor = {Sudipto Ghosh},
  volume = {6002},
  series = {LNCS},
  pages = {55-62},
  publisher = {Springer},
  doi = {10.1007/978-3-642-12261-3_6},
  keywords = {invited}
}

@INPROCEEDINGS{ASE2002,
  author = {Gy{\"o}rgy Csert{\'a}n and G{\'a}bor Huszerl and Istv{\'a}n Majzik
	and Zsigmond Pap and Andr{\'a}s Pataricza and D{\'a}niel Varr{\'o}},
  author+an = {6:family=self},
  title = {{VIATRA}: Visual Automated Transformations for Formal Verification
	and Validation of {UML} Models },
  booktitle = {Proc. ASE 2002: 17th IEEE International Conference on Automated Software
	Engineering},
  year = {2002},
  OPTeditor = {Julian Richardson and Wolfgang Emmerich and Dave Wile},
  pages = {267--270},
  address = {Edinburgh, UK},
  month = {September 23--27},
  publisher = {IEEE Press},
  note = {Acceptance rate = 20\%},
  OPTurl = {http://www.inf.mit.bme.hu/FTSRG/Publications/varro/2002/ase02.pdf}
}

@article{gtvmt2006-dpv-j,
  author    = {Andrea Darabos and
               Andr{\'{a}}s Pataricza and
               D{\'{a}}niel Varr{\'{o}}},
  author+an = {1:family=student;3:family=self},
  title     = {Towards Testing the Implementation of Graph Transformations},
  journal   = {Electr. Notes Theor. Comput. Sci.},
  volume    = {211},
  pages     = {75--85},
  year      = {2008},
  OPTurl       = {https://doi.org/10.1016/j.entcs.2008.04.031},
  doi       = {10.1016/j.entcs.2008.04.031},
}

@INPROCEEDINGS{gtvmt06-dpv,
  author = {Andrea Darabos and Andr{\'a}s Pataricza and D{\'a}niel Varr{\'o}},
  author+an = {1:family=student;3:family=self},
  title = {Towards Testing the Implementation of Graph Transformations},
  booktitle = {Proc. of the Fifth International Workshop on Graph Transformation
	and Visual Modelling Techniques},
  year = {2006},
  series = {ENTCS},
  publisher = {Elsevier},
  OPTurl = {http://www.mit.bme.hu/~varro/publication/2006/gtvmt2006_dpv.pdf}
}

@INPROCEEDINGS{fmtu-svg,
  author = {Domokos, P\'eter and Varr\'o, D\'aniel},
  author+an = {1:family=student;2:family=self},
  title = {Ny{\'\i}lt {SVG} alap\'u keretrendszer},
  booktitle = {FMT\"U 2003: Fiatal Magyarok Tudom\'anyos \"Ul\'esszaka},
  year = {2003},
  OPTeditor = {E. Bitay},
  pages = {47--50},
  address = {Kolozsv\'ar, Romania},
  month = {March 21-22},
  publisher = {Erd\'elyi M\'uzeum Egyes\"ulet},
  note = {In Hungarian}
}

@article{GRABATS2002j,
  author    = {P{\'{e}}ter Domokos and
               D{\'{a}}niel Varr{\'{o}}},
  author+an = {1:family=student;2:family=self},
  title     = {An Open Visualization Framework for Metamodel-Based Modeling Languages},
  journal   = {Electr. Notes Theor. Comput. Sci.},
  volume    = {72},
  number    = {2},
  pages     = {69--78},
  year      = {2002},
  OPTurl       = {https://doi.org/10.1016/S1571-0661(05)80531-6},
  doi       = {10.1016/S1571-0661(05)80531-6}
}

@INPROCEEDINGS{GRABATS2002,
  author = {P{\'e}ter Domokos and D{\'a}niel Varr{\'o}},
  author+an = {1:family=student;2:family=self},
  title = {An Open Visualization Framework for Metamodel-Based Modeling Languages},
  booktitle = {Proc. GraBaTs 2002, International Workshop on Graph-Based Tools },
  year = {2002},
  OPTeditor = {Tom Mens and Andy Sch{\"u}rr and Gabriele Taentzer},
  volume = {72 (2)},
  number = {2},
  series = {ENTCS},
  pages = {78--87},
  address = {Barcelona, Spain},
  month = {October 7--8},
  publisher = {Elsevier},
  isbn = {0444513124},
  OPTurl = {http://www.inf.mit.bme.hu/FTSRG/Publications/varro/2002/grabats2002_dv.pdf}
}

@INPROCEEDINGS{fase2005-eeltvv,
  author = {Hartmut Ehrig and Karsten Ehrig and Juan de Lara and Gabriele Taentzer
	and D\'aniel Varr{\'o} and Szilvia Varr\'o-Gyapay},
  author+an = {5:family=self},
  title = {Termination Criteria for Model Transformation},
  booktitle = {Proc. FASE 2005: Internation Conference on Fundamental Approaches to Software Engineering},
  year = {2005},
  OPTeditor = {Maura Cerioli},
  volume = {3442},
  series = {LNCS},
  pages = {49--63},
  address = {Edinburgh, UK,},
  month = {April},
  publisher = {Springer},
  note = {Acceptance rate = 22\%},
  OPTurl = {http://www.inf.mit.bme.hu/FTSRG/Publications/varro/2005/fase2005_eeltvv.pdf}
}

@INPROCEEDINGS{mtip2005,
  author = {Karsten Ehrig and Esther Guerra and de Lara, Juan and Laszl\'o Lengyel
	and Tiham\'er Levendovszky and Ulrike Prange and Gabriele Taentzer
	and D\'aniel Varr{\'o} and Szilvia Varr\'o-Gyapay},
  author+an = {8:family=self},
  title = {Model Transformation by Graph Transformation: A Comparative Study},
  booktitle = {MTiP 2005, International Workshop on Model Transformations in Practice
	(Satellite Event of MoDELS 2005)},
  year = {2005},
  keywords = {workshop},
  OPTurl = {http://www.inf.mit.bme.hu/FTSRG/Publications/varro/2005/mtip05.pdf}
}

@ARTICLE{easst2006-etv,
  author = {Karsten Ehrig and Gabrielle Taentzer and D{\'a}niel Varr{\'o}},
  author+an = {3:family=self},
  title = {Tool Integration by Model Transformations based on the {Eclipse Modeling
	Framework}},
  journal = {EASST Newsletter},
  year = {2006},
  volume = {12},
  keywords = {invited},
  OPTurl = {http://www.mit.bme.hu/~varro/publication/2006/easst2006-ETV.pdf}
}

@INPROCEEDINGS{wsmate2006,
  author = {L\'aszl\'o G\"onczy and D{\'a}niel Varr{\'o}},
  author+an = {1:family=student;2:family=self},
  title = {Modeling Reliable Messaging in {Service Oriented Architecture}},
  booktitle = {International Workshop on Web Services --- Modeling and Testing},
  year = {2006},
  address = {Palermo, Italy},
  month = {June},
  keywords = {workshop},
  OPTurl = {http://www.mit.bme.hu/~varro/publication/2006/wsmate2006_gv.pdf}
}

@ARTICLE{Gilmore-sosym10,
  author = {Steven Gilmore and L\'aszl\'o G\"onczy and Nora Koch and Philip Mayer
	and Mirco Tribastone and D\'aniel Varr{\'o}},
  author+an = {2:family=student;6:family=self},
  title = {Non-Functional Properties in the Model-Driven Development of Service-Oriented
	Systems},
  journal = {Software and Systems Modeling},
  year = {2011},
  volume = 10,
  number = 3,
  note = {IF: 1.061},
  doi =  {10.1007/s10270-010-0155-y},
  issn = {1619-1366}
}

@INBOOK{mdegt2005-ggzvvv,
  chapter = {Using Graph Transformation for Practical Model Driven Software Engineering},
  pages = {91--118},
  title = {Model Driven Software Engineering},
  publisher = {Springer},
  year = {2005},
  author = {Lars Grunske and Leif Geiger and Albert Z{\"u}ndorf and Van Eetvelde,
	Niels and Van Gorp, Pieter and D{\'a}niel Varr{\'o}},
  author+an = {6:family=self},
  OPTurl = {http://www.inf.mit.bme.hu/FTSRG/Publications/varro/2005/mdegt2005_ggzvvv.pdf}
}

@INPROCEEDINGS{ICGT2002-GHV02,
  author = {Szilvia Gyapay and Reiko Heckel and D{\'a}niel Varr{\'o}},
  author+an = {3:family=self},
  title = {Graph Transformation with Time: Causality and Logical Clocks},
  booktitle = {Proc. ICGT 2002: 1st International Conference on Graph Transformation},
  year = {2002},
  OPTeditor = {Corradini, Andrea and Ehrig, Hartmut and Kreowski, Hans-J{\"o}rg
	and Rozenberg, Grzegorz},
  volume = {2505},
  series = {LNCS},
  pages = {120--134},
  address = {Barcelona, Spain},
  month = {October 7--12},
  publisher = {Springer-Verlag},
  OPTurl = {http://www.inf.mit.bme.hu/FTSRG/Publications/varro/2002/icgt2002_gyhv.pdf}
}

@ARTICLE{FundInf2003-ghv,
  author = {Szilvia Gyapay and Reiko Heckel and D{\'a}niel Varr{\'o}},
  author+an = {3:family=self},
  title = {Graph Transformation with Time},
  journal = {Fundamenta Informaticae},
  year = {2003},
  volume = {58},
  pages = {1--22},
  number = {1},
  month = {November},
  note = {IF: 0.691},
  OPTurl = {http://www.inf.mit.bme.hu/FTSRG/Publications/varro/2003/fi03_ghv.pdf}
}

@article{gtvmt2004-gsv-j,
  author    = {Szilvia Gyapay and
               {\'{A}}kos Schmidt and
               D{\'{a}}niel Varr{\'{o}}},
  author+an = {2:family=student;3:family=self},
  title     = {Joint Optimization and Reachability Analysis in Graph Transformation
               Systems with Time},
  journal   = {Electr. Notes Theor. Comput. Sci.},
  volume    = {109},
  pages     = {137--147},
  year      = {2004},
  OPTurl       = {https://doi.org/10.1016/j.entcs.2004.02.062},
  doi       = {10.1016/j.entcs.2004.02.062},
}

@INPROCEEDINGS{gtvmt04-gsv,
  author = {Szilvia Gyapay and {\'A}kos Schmidt and D{\'a}niel Varr{\'o}},
  author+an = {2:family=student;3:family=self},
  title = {Joint Optimization and Reachability Analysis in Graph Transformation
	Systems with Time},
  booktitle = {Proc. GT-VMT 2004, International Workshop on Graph Transformation
	and Visual Modelling Techniques},
  year = {2004},
  volume = {109},
  series = {ENTCS},
  pages = {137-147},
  publisher = {Elsevier},
  OPTurl = {http://www.inf.mit.bme.hu/FTSRG/Publications/varro/2004/gtvmt04_gsv.pdf}
}

@TECHREPORT{TR-12-2000,
  author = {Szilvia Gyapay and D{\'a}niel Varr{\'o}},
  title = {Automatic Algorithm Generation for Visual Control Structures},
  institution = {Budapest University of Technology and Economics, Dept. of Measurement
	and Information Systems},
  year = {2000},
  month = {December},
  url = {http://www.inf.mit.bme.hu/FTSRG/Publications/varro/2000/TR-12-2000.pdf}
}

@INPROCEEDINGS{Gonczy-mdwe08,
  author = {L{\'a}szl{\'o} G{\"o}nczy and Zsolt D{\'e}ri and D{\'a}niel Varr{\'o}},
  author+an = {1:family=student;3:family=self},
  title = {Model Transformations for Performability Analysis of Service Configurations},
  booktitle = {Models in Software Engineering, Workshops and Symposia at MODELS
	2008, Toulouse, France, September 28 - October 3, 2008. Reports and
	Revised Selected Papers},
  year = {2008},
  OPTeditor = {Michel R. V. Chaudron},
  volume = {5421},
  series = {LNCS},
  pages = {153-166},
  publisher = {Springer},
  doi = {10.1007/978-3-642-01648-6_17}
}

@INPROCEEDINGS{testcom-2007-ghv,
  author = {L{\'a}szl{\'o} G{\"o}nczy and Reiko Heckel and D{\'a}niel Varr{\'o}},
  author+an = {1:family=student;3:family=self},
  title = {Model-Based Testing of Service Infrastructure Components},
  booktitle = {Proc. Testing of Software and Communicating Systems, 19th IFIP TC6/WG6.1
	International Conference, TestCom 2007, 7th International Workshop,
	TestCom/FATES 2007, Tallinn, Estonia, June 26-29, 2007},
  year = {2007},
  OPTeditor = {Alexandre Petrenko and Margus Veanes and Jan Tretmans and Wolfgang
	Grieskamp},
  volume = {4581},
  series = {LNCS},
  pages = {155-170},
  publisher = {Springer},
  note = {Acceptance rate = 39\%},
  doi = {10.1007/978-3-540-73066-8_11},
  isbn = {978-3-540-73065-1},
  keywords = {Model-based testing - Graph Transformation - Model Checking - Fault-Tolerant
	Services}
}

@INCOLLECTION{bpel2sal-sensoria-book,
  author = {L{\'a}szl{\'o} G{\"o}nczy and {\'A}bel Heged{\"u}s and D{\'a}niel
	Varr{\'o}},
  author+an = {1:family=student;2:family=student;3:family=self},
  title = {Methodologies for Model-Driven Development and Deployment: An Overview},
  booktitle = {Rigorous Software Engineering for Service-Oriented Systems},
  publisher = {Springer},
  year = {2011},
  editor = {M. Wirsing and M. H\"olzl},
  volume = {6582},
  doi       = {10.1007/978-3-642-20401-2_26},
  series = {LNCS}
}

@ARTICLE{gtvc2006-gkv,
  author = {L{\'a}szl{\'o} G{\"o}nczy and M{\'a}t{\'e} Kov{\'a}cs and D{\'a}niel
	Varr{\'o}},
  author+an = {1:family=student;3:family=self},
  title = {Modeling and Verification of Reliable Messaging by Graph Transformation
	Systems},
  journal = {Electr. Notes Theor. Comput. Sci.},
  year = {2007},
  volume = {175},
  pages = {37-50},
  number = {4},
  doi = {10.1016/j.entcs.2007.04.015}
}

@ARTICLE{Gonczy-safecert08,
  author = {L{\'a}szl{\'o} G{\"o}nczy and Istv{\'a}n Majzik and {\'A}kos Horv{\'a}th
	and D{\'a}niel Varr{\'o} and Andr{\'a}s Balogh and Zolt{\'a}n Micskei
	and Andr{\'a}s Pataricza},
  author+an = {1:family=student;3:family=student;4:family=self;5:family=student},
  title = {Tool Support for Engineering Certifiable Software},
  journal = {Electr. Notes Theor. Comput. Sci.},
  year = {2009},
  volume = {238},
  pages = {79-85},
  number = {4},
  doi = {10.1016/j.entcs.2009.09.008}
}

@INPROCEEDINGS{SEFM10-back-ann,
  author = {{\'A}bel Heged{\"u}s and G{\'a}bor Bergmann and Istv{\'a}n R{\'a}th
	and D{\'a}niel Varr{\'o}},
  author+an = {1:family=student;2:family=student;3:family=student;4:family=self},
  title = {Back-annotation of Simulation Traces with Change-Driven Model Transformations},
  booktitle = {Proceedings of the Eighth International Conference on Software Engineering
	and Formal Methods},
  year = {2010},
  pages = {145-155},
  address = {Pisa},
  month = {09/2010},
  organization = {IEEE Computer Society},
  publisher = {IEEE Computer Society},
  note = {Acceptance rate: 22\%},
  doi = {10.1109/SEFM.2010.28},
  isbn = {978-0-7695-4153-2},
}

@INPROCEEDINGS{SEFM10ToolDemo-back-ann,
  author = {{\'A}bel Heged{\"u}s and Istv{\'a}n R{\'a}th and D{\'a}niel Varr{\'o}},
  author+an = {1:family=student;2:family=student;3:family=self},
  title = {From {BPEL} to {SAL} and Back: a Tool Demo on Back-Annotation with {VIATRA2}},
  booktitle = {Proc. SEFM 2010: Posters and Tool Demo Session Track},
  year = {2010},
  pages = {35-42},
  month = {09/2010},
  keywords = {workshop},
  institution = {Consiglio Nazionale delle Ricerche (CNR)},
  isbn = {978-88-7958-006-9}
}

@ARTICLE{sosym2011-csp,
  author = {\'Akos Horv{\'a}th and D\'aniel Varr{\'o}},
  author+an = {1:family=student;2:family=self},
  title = {Dynamic Constraint Satisfaction Problems over Models},
  journal = {Software and Systems Modeling},
  year = {2012},
  volume = {11},
  number = {3},
  pages = {385-408},
  note = {IF: 1.29}, 
  doi = {10.1007/s10270-010-0185-5}
 }

@INPROCEEDINGS{Horvath-models09,
  author = {{\'A}kos Horv{\'a}th and D{\'a}niel Varr{\'o}},
  author+an = {1:family=student;2:family=self},
  title = {{CSP(M): Constraint Satisfaction Problem over Models}},
  booktitle = {Model Driven Engineering Languages and Systems, 12th International
	Conference, MODELS 2009, Denver, CO, USA, October 4-9, 2009. Proceedings},
  year = {2009},
  OPTeditor = {Andy Sch{\"u}rr and Bran Selic},
  volume = {5795},
  series = {LNCS},
  pages = {107-121},
  publisher = {Springer},
  note = {Acceptance rate: 18\%},
   doi = {10.1007/978-3-642-04425-0_9}
}

@INPROCEEDINGS{dasc2010-hvs,
  author = {{\'A}kos Horv{\'a}th and D{\'a}niel Varr{\'o} and Tobias Schoofs},
  author+an = {1:family=student;2:family=self},
  title = {Model-Driven Development of {ARINC 653} Configuration Tables},
  booktitle = {29th IEEE \& AIAA Digital Avionics System Conference (DASC)},
  year = {2010},
  pages = {5.A.5-1 -- 5.A.5-115},
  address = {Salt Lake City, US},
  month = {10/2010},
  organization = {IEEE},
  publisher = {IEEE},
  doi = {10.1109/DASC.2010.5655322},
  keywords = {other}
}

@ARTICLE{GT-VMT2007-hvv,
  author = {{\'A}kos Horv{\'a}th and D{\'a}niel Varr{\'o} and Gergely Varr\'o},
  author+an = {1:family=student;2:family=self},
  title = {Generic Search Plans for Matching Advanced Graph Patterns},
  journal = {Electronic Communications of the EASST },
  year = {2007},
  volume = {6},
  note = {Selected papers of GT-VMT 2007: Graph Transformation and Visual Modelling
	Techniques 2007},
  issn = {ISSN 1863-2122},
  url = {http://eceasst.cs.tu-berlin.de/index.php/eceasst/article/viewFile/49/54}
}

@ARTICLE{hiradas2006-hvv,
  author = {{\'A}kos Horv{\'a}th and D{\'a}niel Varr{\'o} and Gergely Varr\'o},
  author+an = {1:family=student;2:family=self},
  title = {Automatic generation of platform-specific transformation},
  journal = {Info-Communications-Technology},
  year = {2006},
  volume = {LXI},
  pages = {40--45},
  number = {7}
}

@INPROCEEDINGS{OOOK-Keret,
  author = {G{\'a}bor Huszerl and Istv{\'a}n Majzik and Zsigmond Pap and D{\'a}niel
	Petri and Andr{\'a}s Pataricza and D{\'a}niel Varr{\'o}},
  title = {Keretrendszer nagymegb{\'\i}zhat\'os\'ag\'u, biztons\'agkritikus
	rendszerek fejleszt\'es\'ehez \'es tesztel\'es\'ehez},
  booktitle = {OOOK 2002: 5. Orsz\'agos Objektum-Orient\'alt Konferencia},
  year = {2002},
  address = {Dobog\'ok{\~o}, Hungary},
  month = {October 16--17},
  note = {In Hungarian}
}

@INPROCEEDINGS{isas2006-kvn,
  author = {Andr{\'a}s K\"ovi and D{\'a}niel Varr{\'o} and Zolt\'an N\'emeth},
  author+an = {1:family=student;2:family=self},
  title = {Making Legacy Services Highly-Available with {OpenAIS}: An Experience
	Report},
  booktitle = {Third International Service Availability Symposium (ISAS 2006)},
  year = {2006},
  OPTeditor = {Francis Tam and Kimmo Raatikainen},
  volume = {4328},
  series = {LNCS},
  pages = {206--216},
  address = {Helsinki, Finland},
  publisher = {Springer},
  OPTurl = {http://www.mit.bme.hu/~varro/publication/2006/isas2006_knv.pdf}
}

@ARTICLE{ijcsse08-kgv,
  author = {M{\'a}te Kov{\'a}cs and L{\'a}szl{\'o} G{\"o}nczy and D{\'a}niel
	Varr{\'o}},
  author+an = {2:family=student;3:family=self},
  title = {Formal analysis of {BPEL} workflows with compensation by model checking},
  journal = {International Journal of Computer Systems and Engineering},
  year = {2008},
  volume = {23},
  number = {5},
  note = {IF: 0.277},
  OPTpages = {35--49},
  OPTurl = {http://www.mit.bme.hu/~varro/publication/2008/ijcsse08-kgv.pdf}
}

@INPROCEEDINGS{efts-2007-kgv,
  author = {M{\'a}te Kov{\'a}cs and L{\'a}szl{\'o} G{\"o}nczy and D{\'a}niel
	Varr{\'o}},
  author+an = {2:family=student;3:family=self},
  title = {Formal Modeling of {BPEL} Workflows Including Fault and Compensation
	Handling},
  booktitle = {EFTS '07: Proceedings of the 2007 workshop on Engineering fault tolerant
	systems},
  year = {2007},
  pages = {1},
  keywords = {workshop},
  address = {New York, NY, USA},
  publisher = {ACM},
  isbn = {978-1-59593-725-4},
  location = {Dubrovnik, Croatia},
  doi = {10.1145/1316550.1316551}
}

@INPROCEEDINGS{isas-2007-kv,
  author = {Andr{\'a}s K{\"o}vi and D{\'a}niel Varr{\'o}},
  author+an = {1:family=student;2:family=self},
  title = {An {Eclipse}-Based Framework for {AIS} Service Configurations},
  booktitle = {Proc. 4th International Service Availability Symposium, ISAS 2007,
	Durham, NH, USA, May 21-22, 2007},
  year = {2007},
  OPTeditor = {Miroslaw Malek and Manfred Reitenspie{\ss} and Aad P. A. van Moorsel},
  volume = {4526},
  series = {LNCS},
  pages = {110-126},
  publisher = {Springer},
  isbn = {978-3-540-72735-4},
  doi = {10.1007/978-3-540-72736-1_10}
}

@article{gramot2005-tax-j,
  author    = {Tom Mens and
               Pieter Van Gorp and
               D{\'{a}}niel Varr{\'{o}} and
               Gabor Karsai},
  author+an = {4:family=self},
  title     = {Applying a Model Transformation Taxonomy to Graph Transformation Technology},
  journal   = {Electr. Notes Theor. Comput. Sci.},
  volume    = {152},
  pages     = {143--159},
  year      = {2006},
  OPTurl       = {https://doi.org/10.1016/j.entcs.2005.10.022},
  doi       = {10.1016/j.entcs.2005.10.022}
}

@INPROCEEDINGS{gramot2005-tax,
  author = {Tom Mens and van Gorp, Pieter and Gabor Karsai and D{\'a}niel Varr{\'o}},
  author+an = {4:family=self},
  title = {Applying a Model Transformation Taxonomy to Graph Transformation
	Technology},
  booktitle = {GraMot 2005, International Workshop on Graph and Model Transformations},
  year = {2006},
  editor = {G. Karsai and G. Taentzer},
  volume = {152},
  series = {ENTCS},
  pages = {143--159},
  publisher = {Elsevier},
  OPTurl = {http://www.inf.mit.bme.hu/FTSRG/Publications/varro/2005/gramot05_mvkv.pdf}
}

@INPROCEEDINGS{GI2004,
  author = {Zsigmond Pap and D{\'a}niel Varr{\'o}},
  author+an = {2:family=self},
  title = {Static Safety Analysis of UML Action Semantics for Critical Systems
	Development},
  booktitle = {GI Jahrestagung (1)},
  year = {2004},
  OPTeditor = {Peter Dadam and Manfred Reichert},
  volume = {50},
  series = {LNI},
  pages = {57-61},
  month = {September},
  publisher = {GI},
  OPTurl = {http://www.inf.mit.bme.hu/FTSRG/Publications/varro/2004/gi2004_pv.pdf}
}

@BOOK{fmi2004,
  title = {Form{\'a}lis m{\'o}dszerek az informatik{\'a}ban},
  publisher = {Typotex},
  year = {2004},
  author = {Andr{\'a}s Pataricza and Tam{\'a}s Bartha and Gy{\"o}rgy Csert{\'a}n
	and Szilvia Gyapay and Istv{\'a}n Majzik and D{\'a}niel Varr{\'o}},
  author+an = {6:family=self},
  note = {In Hungarian}
}

@INBOOK{fmic2005-pv,
  chapter = {Metamodeling and Model Transformations},
  pages = {357--425},
  title = {Formal Methods in Computing},
  publisher = {Akad{\'e}miai Kiad{\'o}},
  year = {2005},
  author+an = {2:family=self},
  author = {Andr{\'a}s Pataricza and D{\'a}niel Varr{\'o}}
}

@INPROCEEDINGS{dspd2006-rv,
  author = {Istv\'an R\'ath and D{\'a}niel Varr{\'o}},
  author+an = {1:family=student;2:family=self},
  title = {Challenges for Advanced Domain-Specific Modeling Frameworks},
  booktitle = {International Workshop on Domain Specific Program Development (DSPD
	2006)},
  year = {2006},
  address = {Nantes, France},
  month = {July},
  keywords = {workshop},
  OPTurl = {http://www.mit.bme.hu/~varro/publication/2006/dspd2006_rv.pdf}
}

@INPROCEEDINGS{icgt2004-rsv,
  author = {Arend Rensink and {\'A}kos Schmidt and D{\'a}niel Varr{\'o}},
  author+an = {2:family=student;3:family=self},
  title = {Model Checking Graph Transformations: A Comparison of Two Approaches},
  booktitle = {Proc. ICGT 2004: Second International Conference on Graph Transformation},
  year = {2004},
  volume = {3256},
  series = {LNCS},
  pages = {226--241},
  address = {Rome, Italy},
  publisher = {Springer},
  OPTurl = {http://www.inf.mit.bme.hu/FTSRG/Publications/varro/2004/icgt2004_rsv.pdf}
}

@ARTICLE{Rath-sosym09,
  author = {Istv{\'a}n R{\'a}th and Andr{\'a}s {\"O}kr{\"o}s and D{\'a}niel Varr{\'o}},
  author+an = {1:family=student;3:family=self},
  title = {Synchronization of abstract and concrete syntax in domain-specific
	modeling languages},
  journal = {Software and Systems Modeling},
  year = {2010},
  volume = {9},
  pages = {453-471},
  number = {4},
  note = {IF: 1.533},
  doi = {10.1007/s10270-009-0122-7}
}

@INPROCEEDINGS{icmt08-rbov08,
  author = {Istv{\'a}n R{\'a}th and G{\'a}bor Bergmann and Andr{\'a}s {\"O}kr{\"o}s
	and D{\'a}niel Varr{\'o}},
  author+an = {1:family=student;2:family=student;4:family=self},
  title = {Live Model Transformations Driven by Incremental Pattern Matching},
  booktitle = {Proc. First International Conference on the Theory and Practice of
	Model Transformations (ICMT 2008)},
  year = {2008},
  OPTeditor = {Antonio Vallecillo and Jeff Gray and Alfonso Pierantonio},
  volume = {5063},
  series = {LNCS},
  pages = {107-121},
  publisher = {Springer},
  note = {Acceptance rate = 31\%},
  location = {Z{\"u}rich, Switzerland, July 1-2, 2008},
  doi = {10.1007/978-3-540-69927-9_8}
}

@INPROCEEDINGS{Rath-vlhcc08,
  author = {Istv{\'a}n R{\'a}th and D{\'a}vid V{\'a}g{\'o} and D{\'a}niel Varr{\'o}},
  author+an = {1:family=student;2:family=student;3:family=self},
  title = {Design-time simulation of domain-specific models by incremental pattern
	matching},
  booktitle = {IEEE Symposium on Visual Languages and Human-Centric Computing, VL/HCC
	2008, Herrsching am Ammersee, Germany, 15-19 September 2008, Proceedings},
  year = {2008},
  pages = {219-222},
  publisher = {IEEE},
  note = {Acceptance rate = 29\%},
  doi = {10.1109/VLHCC.2008.4639089}
}

@INPROCEEDINGS{Rath-models09,
  author = {Istv{\'a}n R{\'a}th and Gergely Varr\'o and D{\'a}niel Varr{\'o}},
  author+an = {1:family=student;3:family=self},
  title = {Change-Driven Model Transformations},
  booktitle = {Model Driven Engineering Languages and Systems, 12th International
	Conference, MODELS 2009, Denver, CO, USA, October 4-9, 2009. Proceedings},
  year = {2009},
  OPTeditor = {Andy Sch{\"u}rr and Bran Selic},
  volume = {5795},
  series = {LNCS},
  pages = {342-356},
  publisher = {Springer},
  note = {Acceptance rate: 18\%, \textbf{Springer Best Paper Award and ACM Distinguished
	Paper Award}},
  doi = {10.1007/978-3-642-04425-0_26}
}

@INPROCEEDINGS{edcc2002-svp,
  author = {G{\'a}bor Salamon and D{\'a}niel Varr{\'o} and Andr{\'a}s Pataricza},
  author+an = {1:family=student;3:family=self},
  title = {Formal Verification of Model Transformation Systems},
  booktitle = {EDCC 2002: Fourth European Dependable Computing Conference: Fast
	Abstracts},
  year = {2002},
  pages = {15--16},
  keywords = {workshop},
  address = {Toulouse, France},
  month = {October 23--25}
}

@INPROCEEDINGS{uml2003-tool,
  author = {{\'A}kos Schmidt and D{\'a}niel Varr{\'o}},
  author+an = {1:family=student;2:family=self},
  title = {{CheckVML}: A Tool for Model Checking Visual Modeling Languages},
  booktitle = {Proc. UML 2003: 6th International Conference on the Unified Modeling
	Language},
  year = {2003},
  OPTeditor = {Perdita Stevens and Jon Whittle and Grady Booch},
  volume = {2863},
  series = {LNCS},
  pages = {92--95},
  address = {San Francisco, CA, USA},
  month = {October 20-24},
  publisher = {Springer},
  note = {Acceptance rate = 15\%},
  OPTurl = {http://www.inf.mit.bme.hu/FTSRG/Publications/varro/2003/uml2003_sv.pdf}
}

@INPROCEEDINGS{DDECS2003-tvp,
  author = {Andr{\'a}s T{\'o}th and D{\'a}niel Varr{\'o} and Andr{\'a}s Pataricza},
  author+an = {1:family=student;2:family=self},
  title = {Model-Level Automatic Test Generation for {UML Statecharts}},
  booktitle = {Proc. 6th IEEE Workshop on Design and Diagnostics of Electronic Circuits
	and Systems (DDECS 2003)},
  year = {2003},
  OPTeditor = {Jerzy Tyszer and Piestrak, Stanislaw J. and Tiexeira, Joao Paulo},
  pages = {293--294},
  keywords = {workshop},
  address = {Poznan, Poland},
  month = {April 14--16}
}

@PHDTHESIS{PhDThesis,
  author = {D\'aniel Varr\'o},
  title = {Automated Model Transformations for the Analysis of {IT} Systems},
  school = {Budapest University of Technology and Economics, Department of Measurement
	and Information Systems},
  year = {2004},
  month = {May},
  abstract = {When designing critical applications using the Unified Modeling Language,
	the system models are frequently projected into various mathematical
	domains (such as Petri nets, transition systems, process algebras,
	etc.) by model transformations to carry out a formal analysis of
	the system under design. In the current thesis, I introduce a general,
	visual yet mathematically precise framework for uniformly specifying
	a large scale of model transformations within and between modeling
	languages. I also propose automated means to reason about the correctness
	of transformations, and to generate a transformation program as the
	implementation from such high-level specifications.},
  OPTurl = {http://www.inf.mit.bme.hu/FTSRG/Publications/varro/2004/phd_thesis.zip}
}

@INPROCEEDINGS{fmtu-viatra,
  author = {Varr\'o, D\'aniel and Domokos, P\'eter },
  author+an = {1:family=student;2:family=self},
  title = {A {VIATRA} modelltranszform\'aci\'os rendszer},
  booktitle = {FMT\"U 2003: Fiatal Magyarok Tudom\'anyos \"Ul\'esszaka},
  year = {2003},
  editor = {E. Bitay},
  pages = {51--54},
  address = {Kolozsv\'ar, Romania},
  month = {March 21-22},
  publisher = {Erd\'elyi M\'uzeum Egyes\"ulet},
  note = {In Hungarian}
}

@TECHREPORT{TR-06-2003,
  author = {D\'aniel Varr\'o and Andr\'as Pataricza},
  title = {Formalizing Model Transformation Systems by Abstract State Machines},
  institution = {Budapest University of Technology and Economics},
  year = {2003},
  month = {June}
}

@ARTICLE{pngt2006-vv,
  author = {Szilvia Varr\'o-Gyapay and D\'aniel Varr{\'o} },
  author+an = {2:family=self},
  title = {Optimization in Graph Transformation Systems Using {Petri} Net Based
	Techniques},
  journal = {Electronic Communications of the EASST (ECEASST)},
  year = {2006},
  volume = {2},
  note = {Selected papers of Workshop on Petri Nets and Graph Transformations},
  OPTeditor = {Paolo Baldan and Hartmut Ehrig and Julia Padberg and Grzegorz Rozenberg},
  issn = {1863-2122},
  publisher = {EASST},
  url = {http://eceasst.cs.tu-berlin.de/index.php/eceasst/article/view/61/33}
}

@ARTICLE{sosym2005-db,
  author = {Gergely Varr\'{o} and Katalin Friedl and D\'{a}niel Varr{\'{o}}},
  author+an = {3:family=self},
  title = {Implementing a Graph Transformation Engine in Relational Databases},
  journal = {Software and Systems Modelling},
  year = {2006},
  volume = {5},
  pages = {313--341},
  number = {3},
  month = {September},
  doi       = {10.1007/s10270-006-0015-y},
}

@article{GTVMT2003j,
  author    = {D{\'{a}}niel Varr{\'{o}}},
  author+an = {1:family=self},
  title     = {Towards Symbolic Analysis of Visual Modeling Languages},
  journal   = {Electr. Notes Theor. Comput. Sci.},
  volume    = {72},
  number    = {3},
  pages     = {51--64},
  year      = {2003},
  OPTurl       = {https://doi.org/10.1016/S1571-0661(04)80611-X},
  doi       = {10.1016/S1571-0661(04)80611-X},
}

@INPROCEEDINGS{GTVMT2002,
  author = {D{\'a}niel Varr{\'o}},
  author+an = {1:family=self},
  title = {Towards Symbolic Analysis of Visual Modelling Languages},
  booktitle = {Proc. GT-VMT 2002: International Workshop on Graph Transformation
	and Visual Modelling Techniques},
  year = {2002},
  OPTeditor = {Paolo Bottoni and Mark Minas},
  volume = {72 (3)},
  number = {3},
  series = {ENTCS},
  pages = {57--70},
  address = {Barcelona, Spain},
  month = {October 11-12},
  publisher = {Elsevier},
  isbn = {0444514082},
  OPTurl = {http://www.inf.mit.bme.hu/FTSRG/Publications/varro/2002/grabats2002_varro.pdf}
}

@INPROCEEDINGS{ICGT2002-SC,
  author = {D{\'a}niel Varr{\'o}},
  author+an = {1:family=self},
  title = {A Formal Semantics of {UML Statecharts} by Model Transition Systems},
  booktitle = {Proc. ICGT 2002: 1st International Conference on Graph Transformation},
  year = {2002},
  OPTeditor = {Corradini, Andrea and Ehrig, Hartmut and Kreowski, Hans-J{\"o}rg
	and Rozenberg, Grzegorz},
  volume = {2505},
  series = {LNCS},
  pages = {378--392},
  address = {Barcelona, Spain},
  month = {October 7--12},
  publisher = {Springer-Verlag},
  OPTurl = {http://www.inf.mit.bme.hu/FTSRG/Publications/varro/2002/icgt2002_varro.pdf}
}

@INPROCEEDINGS{CSCS2002,
  author = {D{\'a}niel Varr{\'o}},
  title = {A Pattern-Based Constraint Language for Metamodels},
  booktitle = {Proc. CSCS 2002: The Third Conference of PhD Students in Computer
	Science},
  year = {2002},
  OPTeditor = {Tibor Csendes},
  pages = {109},
  address = {Szeged, Hungary},
  month = {July 1--4}
}

@INPROCEEDINGS{FMOODS2002,
  author = {D{\'a}niel Varr{\'o}},
  author+an = {1:family=self},
  title = {Towards Formal Verification of Model Transformations},
  booktitle = {PhD Student Workshop of FMOODS 2002, Formal Methods for Open Object-Based
	Distributed Systems},
  year = {2002},
  OPTeditor = {Trevor Jones},
  address = {Enschede, The Netherlands},
  month = {March 20--22},
  keywords = {workshop},
  OPTurl = {http://www.inf.mit.bme.hu/FTSRG/Publications/varro/2002/fmoods2002_varro.pdf}
}

@INPROCEEDINGS{AGT2002,
  author = {D{\'a}niel Varr{\'o}},
  author+an = {1:family=self},
  title = {Automatic Program Generation for and by Model Transformation Systems},
  booktitle = {Proc. AGT 2002: Workshop on Applied Graph Transformation},
  year = {2002},
  OPTeditor = {Kreowski, Hans-J{\"o}rg and Knirsch, Peter},
  pages = {161--173},
  address = {Grenoble, France},
  month = {April 12--13},
  keywords = {workshop},
  OPTurl = {http://www.inf.mit.bme.hu/FTSRG/Publications/varro/2002/agt2002_varro.pdf}
}

@INPROCEEDINGS{models2006-edu,
  author = {D{\'a}niel Varr{\'o}},
  author+an = {1:family=self},
  title = {{UML} Based Modeling and Development of {J2EE} Applications: Course
	Experiences},
  booktitle = {MODELS 2006: Educators Symposium},
  year = {2006},
  keywords = {workshop},
  address = {Genova, Italy}
}

@INPROCEEDINGS{models2006-varro,
  author = {D{\'a}niel Varr{\'o}},
  author+an = {1:family=self},
  title = {Model Transformation by Example},
  booktitle = {Proc. Model Driven Engineering Languages and Systems (MODELS 2006)},
  year = {2006},
  volume = {4199},
  series = {LNCS},
  pages = {410--424},
  address = {Genova, Italy},
  publisher = {Springer},
  note = {Acceptance rate = 29\%},
  OPTnote = {\textbf{Highly cited, shaping a new research field} Acceptance rate = 29\%},
  OPTurl = {http://www.mit.bme.hu/~varro/publication/2006/models2006_varro.pdf}
}

@ARTICLE{sosym2004-mc,
  author = {D{\'a}niel Varr{\'o}},
  author+an = {1:family=self},
  title = {Automated Formal Verification of Visual Modeling Languages by Model
	Checking},
  journal = {Software and Systems Modeling},
  year = {2004},
  volume = {3},
  pages = {85--113},
  number = {2},
  month = {May},
  OPTnote = {\textbf{Highly cited, first paper on model checking dynamic DSLs}},
  doi       = {10.1007/s10270-003-0050-x},
  OPTurl = {http://www.inf.mit.bme.hu/FTSRG/Publications/varro/2004/sosym2004_varro.pdf}
}

@INPROCEEDINGS{MiniSymp2003,
  author = {D{\'a}niel Varr{\'o}},
  title = {{UML Action Semantics} for Model Transformation Systems},
  booktitle = {Mini--Symposium 2003},
  year = {2003},
  pages = {22--23},
  address = {Budapest University of Technology and Economics, Department of Measurement
	and Information Systems},
  month = {February 4--5},
  organization = {IEEE Hungary Section (BUTE Student Branch)}
}

@INPROCEEDINGS{MiniSymp2002,
  author = {D{\'a}niel Varr{\'o}},
  title = {Automated Program Generation in {VIATRA}},
  booktitle = {Mini--Symposium 2002},
  year = {2002},
  pages = {34--35},
  address = {Budapest University of Technology and Economics, Department of Measurement
	and Information Systems},
  month = {February 4--5},
  organization = {IEEE Hungary Section (BUTE Student Branch)},
  url = {http://www.inf.mit.bme.hu/FTSRG/Publications/varro/2002/MiniSymp02.ps}
}

@INPROCEEDINGS{MiniSymp2001,
  author = {D{\'a}niel Varr{\'o}},
  title = {Visual Automated Model Transformation},
  booktitle = {Mini--Symposium 2001},
  year = {2001},
  pages = {48--49},
  address = {Budapest University of Technology and Economics, Department of Measurement
	and Information Systems},
  month = {January 31 -- February 1},
  organization = {IEEE Hungary Section (BUTE Student Branch)},
  url = {http://www.mit.bme.hu/events/minisy2001/Minisymp2001-Cikkek/varro.pdf}
}

@MASTERSTHESIS{MastThesis,
  author = {D{\'a}niel Varr{\'o}},
  title = {Automatic Transformation of {UML} Models},
  school = {Budapest University of Technology and Economics},
  year = {2000},
  url = {http://www.inf.mit.bme.hu/FTSRG/Publications/varro/2000/UMLModelTransEng.zip}
}

@INPROCEEDINGS{VegzKonf2000,
  author = {D{\'a}niel Varr{\'o}},
  title = {Grafikus nyelvek automatikus transzform{\'a}ci{\'o}j{\'a}nak tervez{\'e}se},
  booktitle = {V{\'e}gz{\~o}s Konferencia '2000},
  year = {2000},
  pages = {454--459},
  address = {Budapest, Hungary},
  month = {April 26},
  organization = {Budapest University of Technology and Economics}
}

@INPROCEEDINGS{agtive07-toolcontest,
  author = {D{\'a}niel Varr{\'o} and M{\'a}rk Asztalos and D{\'e}nes Bisztray
	and Artur Boronat and Duc-Hanh Dang and Rubino Geiss and Joel Greenyer
	and Pieter Van Gorp and Ole Kniemeyer and Anantha Narayanan and Edgars
	Rencis and Erhard Weinell},
  author+an = {1:family=self},
  title = {Transformation of {UML} Models to {CSP}: A Case Study for Graph Transformation
	Tools},
  booktitle = {Proc. Third International Workshop and Symposium on Applications
	of Graph Transormation with Industrial Relevance (AGTIVE 2007)},
  year = {2008},
  OPTeditor = {Andy Sch{\"u}rr and Manfred Nagl and Albert Z{\"u}ndorf},
  volume = {5088},
  series = {LNCS},
  pages = {540--565},
  publisher = {Springer},
  keywords = {invited}
}

@ARTICLE{scp-2007,
  author = {D{\'a}niel Varr{\'o} and Andr{\'a}s Balogh},
  author+an = {1:family=self;2:family=student},
  title = {The Model Transformation Language of the {VIATRA2} Framework},
  journal = {Science of Computer Programming},
  year = {2007},
  volume = {68},
  pages = {214--234},
  number = {3},
  month = {October},
  note = {IF: 0.832},
  doi = {10.1016/j.scico.2007.05.004}
}

@INPROCEEDINGS{sac2007-vb,
  author = {D{\'a}niel Varr{\'o} and Zolt{\'a}n Balogh},
  author+an = {1:family=self;2:family=student},
  title = {Automating Model Transformation by Example Using Inductive Logic
	Programming},
  booktitle = {Proceedings of the 2007 ACM Symposium on Applied Computing (SAC 2007),
	Seoul, Korea, March 11-15, 2007},
  year = {2007},
  OPTeditor = {Yookun Cho and Roger L. Wainwright and Hisham Haddad and Sung Y.
	Shin and Yong Wan Koo},
  pages = {978-984},
  publisher = {ACM Press},
  note = {Acceptance rate = 32\%},
  isbn = {1-59593-480-4},
  OPTurl = {http://www.mit.bme.hu/~varro/publication/2007/sac2007-vb.pdf}
}

@TECHREPORT{TR-10-2000,
  author = {D{\'a}niel Varr{\'o} and P{\'e}ter Domokos and Andr{\'a}s Pataricza},
  title = {{UML} Specification of Model Transformation Systems},
  institution = {Budapest University of Technology and Economics, Department of Measurement
	and Information Systems},
  year = {2000},
  month = {October},
  url = {http://www.inf.mit.bme.hu/FTSRG/Publications/varro/2000/TR-10-2000.pdf}
}

@INPROCEEDINGS{WTUML01,
  author = {D{\'a}niel Varr{\'o} and Szilvia Gyapay and Andr{\'a}s Pataricza},
  author+an = {1:family=self},
  title = {Automatic Transformation of {UML} Models for System Verification},
  booktitle = {WTUML'01: Workshop on Transformations in UML},
  year = {2001},
  keywords = {workshop},
  OPTeditor = {Jon Whittle and others},
  pages = {123--127},
  address = {Genova, Italy},
  month = {April 7th},
  OPTurl = {http://www.inf.mit.bme.hu/FTSRG/Publications/varro/2001/wtuml2001_vgyp.pdf}
}

@INPROCEEDINGS{uml2004-meta,
  author = {D{\'a}niel Varr{\'o} and Andr{\'a}s Pataricza},
  author+an = {1:family=self},
  title = {Generic and Meta-Transformations for Model Transformation Engineering},
  booktitle = {Proc. UML 2004: 7th International Conference on the Unified Modeling
	Language },
  year = {2004},
  OPTeditor = {T. Baar and A. Strohmeier and A. Moreira and S. Mellor},
  volume = {3273},
  series = {LNCS},
  pages = {290--304},
  address = {Lisbon, Portugal},
  month = {October 10--15},
  publisher = {Springer},
  note = {\textbf{10-Year Most Influential Paper Award at MODELS 2014};Acceptance rate = 22\%},
  OPTurl = {http://www.inf.mit.bme.hu/FTSRG/Publications/varro/2004/uml2004_vp.pdf}
}

@INPROCEEDINGS{csduml2003,
  author = {D{\'a}niel Varr{\'o} and Andr{\'a}s Pataricza},
  author+an = {1:family=self},
  title = {Automated Formal Verification of Model Transformations},
  booktitle = {CSDUML 2003: Critical Systems Development in UML; Proceedings of
	the UML'03 Workshop},
  year = {2003},
  OPTeditor = {Jan J\"urjens and Bernhard Rumpe and Robert France and Eduardo B.
	Fernandez},
  number = {TUM-I0323},
  series = {Technical Report},
  pages = {63--78},
  month = {September},
  publisher = {Technische Universit\"at M\"unchen},
  keywords = {workshop},
  OPTurl = {http://www.inf.mit.bme.hu/FTSRG/Publications/varro/2003/csduml2003_vp.pdf}
}

@INPROCEEDINGS{UML2002,
  author = {D{\'a}niel Varr{\'o} and Andr{\'a}s Pataricza},
  author+an = {1:family=self},
  title = {Metamodeling Mathematics: A Precise and Visual Framework for Describing
	Semantics Domains of {UML} Models},
  booktitle = {Proc. Fifth International Conference on the Unified Modeling Language
	-- The Language and its Applications},
  year = {2002},
  OPTeditor = {J{\'e}z{\'e}quel, Jean-Marc and Hussmann, Heinrich and Cook, Stephen},
  volume = {2460},
  series = {LNCS},
  pages = {18--33},
  address = {Dresden, Germany},
  month = {September 30 -- October 4},
  publisher = {Springer-Verlag},
  note = {Acceptance rate = 30\%},
  OPTurl = {http://www.inf.mit.bme.hu/FTSRG/Publications/varro/2002/uml2002_vp.pdf}
}

@ARTICLE{pp2003-as,
  author = {D{\'a}niel Varr{\'o} and Andr{\'a}s Pataricza},
  author+an = {1:family=self},
  title = {{UML Action Semantics} for Model Transformation Systems},
  journal = {Periodica Polytechnica},
  year = {2003},
  volume = {47},
  pages = {167--186},
  number = {3},
  OPTurl = {http://www.inf.mit.bme.hu/FTSRG/Publications/varro/2003/pp2003_vp.pdf}
}

@ARTICLE{sosym2003-vpm,
  author = {D{\'a}niel Varr{\'o} and Andr{\'a}s Pataricza},
  author+an = {1:family=self},
  title = {{VPM}: A visual, precise and multilevel metamodeling framework for
	describing mathematical domains and {UML}},
  journal = {Software and Systems Modeling},
  year = {2003},
  volume = {2},
  pages = {187--210},
  number = {3},
  month = {October},
  publisher = {Springer},
  OPTurl = {http://www.inf.mit.bme.hu/FTSRG/Publications/varro/2003/sosym2003_vp.pdf}
}

@INPROCEEDINGS{OOOK-MT,
  author = {D{\'a}niel Varr{\'o} and Andr{\'a}s Pataricza},
  title = {{UML} modellek automatikus transzform\'aci\'oi},
  booktitle = {OOOK 2002: 5. Orsz\'agos Objektum-Orient\'alt Konferencia},
  year = {2002},
  address = {Dobog\'ok{\~o}, Hungary},
  month = {October 16--17},
  note = {In Hungarian}
}

@TECHREPORT{GTXL:XMLSchema,
  author = {D{\'a}niel Varr{\'o} and Andr{\'a}s Pataricza},
  title = {An {XML Schema} Description of Graph Transformation Systems},
  institution = {Budapest University of Technology and Economics, Department of Measurement
	and Information Systems},
  year = {2001},
  month = {January},
  url = {http://www.inf.mit.bme.hu/FTSRG/Publications/varro/2001/GTXL_XMLSchema.pdf}
}

@TECHREPORT{TR-05-2001,
  author = {D{\'a}niel Varr{\'o} and Andr{\'a}s Pataricza},
  title = {Mathematical Model Transformations for System Verification},
  institution = {Budapest University of Technology and Economics},
  year = {2001},
  month = {May},
  url = {http://www.inf.mit.bme.hu/FTSRG/Publications/varro/2001/TR-05-2001.pdf}
}

@TECHREPORT{TR-10-2001,
  author = {D{\'a}niel Varr{\'o} and Andr{\'a}s Pataricza},
  title = {A Unifying Semantic Framework for Multilevel Metamodelling},
  institution = {Budapest University of Technology and Economics},
  year = {2001},
  month = {October},
  url = {http://www.inf.mit.bme.hu/FTSRG/Publications/varro/2001/metamodelling.ps}
}

@TECHREPORT{TR-06-2000,
  author = {D{\'a}niel Varr{\'o} and Andr{\'a}s Pataricza},
  title = {Mathematical Model Transformation for System Verification},
  institution = {Budapest University of Technology and Economics, Dept. of Measurement
	and Information Systems},
  year = {2000},
  month = {June},
  keywords = {system verification, model transformation, graph transformation, UML},
  url = {http://www.inf.mit.bme.hu/FTSRG/Publications/varro/2000/TR-06-2000.pdf}
}

@BOOKLET{TDK1999,
  title = {Designing the Automatic Transformation of Visual Languages},
  author = {D{\'a}niel Varr{\'o} and Gergely Varr{\'o}},
  howpublished = {Student Report (TDK), Technical University of Budapest},
  month = {November},
  year = {1999}
}

@INPROCEEDINGS{GRATRA2000,
  author = {D{\'a}niel Varr{\'o} and Gergely Varr\'o and Andr{\'a}s Pataricza},
  author+an = {1:family=self},
  title = {Designing the Automatic Transformation of Visual Languages},
  booktitle = {GRATRA 2000 Joint {APPLIGRAPH} and {GETGRATS} Workshop on Graph Transformation
	Systems},
  year = {2000},
  OPTeditor = {Hartmut Ehrig and Gabriele Taentzer},
  pages = {14--21},
  address = {Berlin, Germany},
  month = {March 25--27},
  keywords = {workshop},
  OPTurl = {http://www.inf.mit.bme.hu/FTSRG/Publications/varro/2000/gratra2000_vvp.pdf}
}

@INPROCEEDINGS{DDECS2000,
  author = {D{\'a}niel Varr{\'o} and Gergely Varr\'o and Andr{\'a}s Pataricza},
  author+an = {1:family=self},
  title = {Visual Graph Transformation in System Verification},
  booktitle = {DDECS 2000 International IEEE Workshop on the Design and Diagnostics
	of Electronic Circuits and Systems},
  year = {2000},
  OPTeditor = {Elena Gramatova and Hans Manhaeve and Adam Pawlak},
  pages = {137--141},
  address = {Bratislava, Slovakia},
  keywords = {workshop},
  month = {April 5--7},
  optorganization = {Institute of Informatics, Slovak Academy of Sciences},
  OPTurl = {http://www.inf.mit.bme.hu/FTSRG/Publications/varro/2000/ddecs2000_vvp.pdf}
}

@ARTICLE{SCP2002,
  author = {D{\'a}niel Varr{\'o} and Gergely Varr\'o and Andr{\'a}s Pataricza},
  author+an = {1:family=self},
  title = {Designing the Automatic Transformation of Visual Languages},
  journal = {Science of Computer Programming},
  year = {2002},
  volume = {44},
  pages = {205--227},
  number = {2},
  month = {August},
  note = {IF: 0.796},
  publisher = {Elsevier},
  OPTurl = {http://www.inf.mit.bme.hu/FTSRG/Publications/varro/2002/scp2002_vvp.pdf}
}

@TECHREPORT{GTXL:XMI,
  author = {D{\'a}niel Varr{\'o} and Gergely Varr{\'o} and Andr{\'a}s Pataricza},
  title = {Towards an {XMI}--Based Model Interchange Format for Graph Transformation
	Systems},
  institution = {Budapest University of Technology and Economics, Department of Measurement
	and Information Systems},
  year = {2000},
  month = {September},
  OPTurl = {http://www.inf.mit.bme.hu/FTSRG/Publications/varro/2000/GTXL_XMI.pdf}
}

@INPROCEEDINGS{icgt2006,
  author = {D{\'a}niel Varr{\'o} and Szilvia Varr{\'o}-Gyapay and Hartmut Ehrig
	and Ulrike Prange and Gabriele Taentzer},
  author+an = {1:family=self},
  title = {Termination Analysis of Model Transformations by {Petri} Nets},
  booktitle = {Proc. Third International Conference on Graph Transformation (ICGT
	2006)},
  year = {2006},
  OPTeditor = {Andrea Corradini and Hartmut Ehrig and Ugo Montanari and Leila Ribeiro
	and Grzegorz Rozenberg},
  volume = {4178},
  series = {LNCS},
  pages = {260--274},
  address = {Natal, Brazil},
  publisher = {Springer},
  note = {Acceptance rate = 45\%},
  OPTurl = {http://www.mit.bme.hu/~varro/publication/2006/icgt2006.pdf}
}

@article{grabats2004-vfv-j,
  author    = {Gergely Varr\'{o} and
               Katalin Friedl and
               D{\'{a}}niel Varr{\'{o}}},
  author+an = {3:family=self},
  title     = {Graph Transformation in Relational Databases},
  journal   = {Electr. Notes Theor. Comput. Sci.},
  volume    = {127},
  number    = {1},
  pages     = {167--180},
  year      = {2005},
  OPTurl       = {https://doi.org/10.1016/j.entcs.2004.12.034},
  doi       = {10.1016/j.entcs.2004.12.034}
}

@INPROCEEDINGS{grabats2004-vfv,
  author = {Gergely Varr{\'o} and Katalin Friedl and D{\'a}niel Varr{\'o}},
  author+an = {3:family=self},
  title = {Graph Transformations in Relational Databases},
  booktitle = {Proc. GraBaTs 2004: International Workshop on Graph Based Tools},
  year = {2004},
  address = {Rome, Italy},
  month = {October},
  publisher = {Elsevier},
  note = {In press},
  optseries = {ENTCS},
  OPTurl = {http://www.inf.mit.bme.hu/FTSRG/Publications/varro/2004/grabats2004_vfv.pdf}
}

@INPROCEEDINGS{agtive07-vhv,
  author = {Gergely Varr\'o and {\'A}kos Horv{\'a}th and D{\'a}niel Varr{\'o}
	},
  author+an = {2:family=student,3:family=self},
  title = {Recursive Graph Pattern Matching: With Magic Sets and Global Search
	Plans},
  booktitle = {Proc. Third International Workshop and Symposium on Applications
	of Graph Transormation with Industrial Relevance (AGTIVE 2007)},
  year = {2008},
  OPTeditor = {Andy Sch{\"u}rr and Manfred Nagl and Albert Z{\"u}ndorf},
  volume = {5088},
  series = {LNCS},
  doi  = {10.1007/978-3-540-89020-1_31},
  publisher = {Springer}
}

@TECHREPORT{TR-05-EE17,
  author = {Gergely Varr\'o and Andy Sch{\"u}rr and D{\'a}niel Varr{\'o}},
  title = {Benchmarking for Graph Transformation},
  institution = {Budapest University of Technology and Economics},
  year = {2005},
  number = {TUB-TR-05-EE17},
  month = {March},
  url = {http://www.cs.bme.hu/~gervarro/publication/TUB-TR-05-EE17.pdf}
}

@INPROCEEDINGS{vlhcc05-vsv,
  author = {Gergely Varr\'o and Andy Sch{\"u}rr and D{\'a}niel Varr{\'o}},
  author+an = {3:family=self},
  title = {Benchmarking for Graph Transformation},
  booktitle = {Proc. IEEE Symposium on Visual Languages and Human-Centric Computing
	(VL/HCC 05)},
  year = {2005},
  pages = {79--88},
  address = {Dallas, Texas, USA},
  month = {September},
  publisher = {IEEE Press},
  note = {Acceptance rate = 31\%},
  OPTurl = {http://www.cs.bme.hu/~gervarro/publication/vlhcc05_vsv.pdf}
}

@article{gtvmt2004-vv-j,
  author    = {Gergely Varr\'{o} and
               D{\'{a}}niel Varr{\'{o}}},
  author+an = {2:family=self},
  title     = {Graph Transformation with Incremental Updates},
  journal   = {Electr. Notes Theor. Comput. Sci.},
  volume    = {109},
  pages     = {71--83},
  year      = {2004},
  OPTurl       = {https://doi.org/10.1016/j.entcs.2004.02.057},
  doi       = {10.1016/j.entcs.2004.02.057}
}

@INPROCEEDINGS{gtvmt04-vv,
  author = {Gergely Varr{\'o} and D{\'a}niel Varr{\'o}},
  author+an = {2:family=self},
  title = {Graph Transformation with Incremental Updates},
  booktitle = {Proc. GT-VMT 2004, International Workshop on Graph Transformation
	and Visual Modelling Techniques},
  year = {2004},
  volume = {109},
  series = {ENTCS},
  pages = {71-83},
  publisher = {Elsevier},
  OPTurl = {http://www.inf.mit.bme.hu/FTSRG/Publications/varro/2004/gtvmt04_vv.pdf}
}

@article{gramot2005-j,
  author    = {Gergely Varr\'{o} and
               Katalin Friedl and
               D{\'{a}}niel Varr{\'{o}}},
  author+an = {3:family=self},
  title     = {Adaptive Graph Pattern Matching for Model Transformations using Model-sensitive
               Search Plans},
  journal   = {Electr. Notes Theor. Comput. Sci.},
  volume    = {152},
  pages     = {191--205},
  year      = {2006},
  OPTurl       = {https://doi.org/10.1016/j.entcs.2005.10.025},
  doi       = {10.1016/j.entcs.2005.10.025},
}

@INPROCEEDINGS{gramot2005-adapt,
  author = {Gergely Varr{\'o} and D{\'a}niel Varr{\'o} and Katalin Friedl},
  author+an = {2:family=self},
  title = {Adaptive Graph Pattern Matching for Model Transformations using Model-sensitive
	Search Plans},
  booktitle = {GraMot 2005, International Workshop on Graph and Model Transformations},
  year = {2006},
  OPTeditor = {G. Karsai and G. Taentzer},
  volume = {152},
  series = {ENTCS},
  pages = {191--205},
  publisher = {Elsevier},
  OPTurl = {http://www.inf.mit.bme.hu/FTSRG/Publications/varro/2005/gramot05_vvf.pdf}
}

@article{gramot2006-j,
  author    = {Gergely Varr\'{o} and
               D{\'{a}}niel Varr{\'{o}} and
               Andy Sch{\"{u}}rr},
  author+an = {2:family=self},
  title     = {Incremental Graph Pattern Matching: Data Structures and Initial Experiments},
  journal   = {{ECEASST}},
  volume    = {4},
  year      = {2006},
  url       = {http://journal.ub.tu-berlin.de/index.php/eceasst/article/view/12}
}

@INPROCEEDINGS{gramot2006-vvs,
  author = {Gergely Varr\'o and D{\'a}niel Varr{\'o} and Andy Sch{\"u}rr},
  author+an = {2:family=self},
  title = {Incremental Graph Pattern Matching: Data Structures and Initial Experiments},
  booktitle = {Graph and Model Transformation (GraMoT 2006)},
  year = {2006},
  OPTeditor = {Gabor Karsai and Gabi Taentzer},
  volume = {4},
  series = {Electronic Communications of the EASST},
  publisher = {EASST},
  OPTurl = {http://www.mit.bme.hu/~varro/publication/2006/gramot2006_vvs.pdf}
}

@INPROCEEDINGS{Wirsing-isola08,
  author = {Martin Wirsing and Matthias M. H{\"o}lzl and Lucia Acciai and Federico
	Banti and Allan Clark and Alessandro Fantechi and Stephen Gilmore
	and Stefania Gnesi and L{\'a}szl{\'o} G{\"o}nczy and Nora Koch and
	Alessandro Lapadula and Philip Mayer and Franco Mazzanti and Rosario
	Pugliese and Andreas Schroeder and Francesco Tiezzi and Mirco Tribastone
	and D{\'a}niel Varr{\'o}},
  author+an = {9:family=student,18:family=self},
  title = {{SensoriaPatterns}: Augmenting Service Engineering with Formal Analysis,
	Transformation and Dynamicity},
  booktitle = {Leveraging Applications of Formal Methods, Verification and Validation,
	Third International Symposium, ISoLA 2008, Porto Sani, Greece, October
	13-15, 2008. Proceedings},
  year = {2008},
  OPTeditor = {Tiziana Margaria and Bernhard Steffen},
  volume = {17},
  series = {Communications in Computer and Information Science},
  pages = {170-190},
  publisher = {Springer},
  keywords = {invited},
  doi = {10.1007/978-3-540-88479-8_13}
}

@PROCEEDINGS{icgt2006-grabats,
  editor= {Albert Z{\"u}ndorf and D{\'a}niel Varr{\'o}},
  author+an = {2:family=self},
  title = {Workshop on Graph-Based Tools.},
  booktitle = {Proc. Third International Conference on Graph Transformation (ICGT
	2006)},
  year = {2006},
  volume = {4178},
  series = {LNCS},
  pages = {465-466},
  address = {Natal, Brazil},
  publisher = {Springer}
}

@PROCEEDINGS{gtvmt2006,
  title = {Fifth International Workshop on Graph Transformation and Visual Modelling
	Techniques},
  year = {2006},
  editor = {Roberto Bruni and D{\'a}niel Varr{\'o}},
  author+an = {2:family=self},
  series = {ENTCS},
  publisher = {Elsevier}
}

@PROCEEDINGS{grabats2010,
  title = {Proc. GRABATS 2010: International Workshop on Graph Based Tools},
  year = {2010},
  editor = {Juan de Lara and D\'aniel Varr{\'o}},
  author+an = {2:family=self},
  publisher = {EASST},
  owner = {varro},
  timestamp = {2010.11.29}
}

